1967 3307
501 237 630 272 VITA
654 237 892 272 HEINRICI
909 237 976 274 IV.
1003 237 1367 276 IMPERATORIS.
1639 245 1683 278 41

191 359 258 400 rei
290 359 501 413 publicae
533 359 705 400 viribus
737 359 962 400 utendum
995 361 1076 408 est,
1111 360 1448 414 expeditionem
1476 362 1605 403 vobis
1638 365 1684 404 et
1699 369 1802 403 1106.

192 419 395 471 rogando
427 418 731 472 praecipimus
764 420 810 459 et
842 417 1163 472 praecipiendo
1185 432 1411 472 rogamus,
1447 421 1574 461 cuius
1598 422 1684 462 col-

192 476 380 518 lectioni
433 479 479 517 et
530 479 713 531 tempus
766 476 1001 517 Kalendas
1060 476 1149 516 Iul.
1205 480 1250 518 et
1319 478 1469 519 locum
1525 480 1684 520 Wirzi-

192 535 464 589 burgensem
497 536 657 576 urbem
690 535 1042 589 praefinimus'1.

147 606 165 630 5
334 593 448 635 Cum
481 595 622 648 igitur
655 594 857 634 audisset
883 591 1158 647 H[einricus]
1195 595 1287 635 dux
1320 598 1366 636 et
1390 595 1683 638 Colonienses

191 667 293 694 cum
316 653 685 701 Leodicensibus,
720 653 841 706 quod
875 666 1009 706 super
1043 667 1088 694 se
1121 667 1199 694 rex
1233 655 1483 695 exercitum
1518 656 1682 698 ducere

189 711 341 761 vellet,
376 725 501 753 arma
523 712 759 765 parabant,
786 712 938 765 copias
962 711 1255 764 colligebant,
1281 713 1415 754 urbes
1438 715 1683 755 firmabant

190 774 235 811 et
268 772 324 812 ad
357 771 658 812 resistendum
703 770 802 824 pari
842 774 949 811 voto
992 771 1235 824 studioque
1278 786 1323 813 se
1365 773 1681 826 accingebant.

189 829 277 871 Sed
311 833 357 871 et
388 831 711 884 imperatorem
744 829 945 870 consiliis
980 832 1025 870 et
1058 830 1269 884 precibus
1312 832 1585 885 urguebant,
1629 836 1682 873 ut

141 903 174 927 10
188 889 499 943 imperialema
528 889 815 942 dignitatem,
849 902 985 942 quam
1008 903 1100 929 non
1122 890 1299 931 ratione
1319 891 1568 933 convictus.
1604 893 1682 932 sed

186 949 232 988 vi
292 948 504 1001 ferroque
560 950 753 988 mortem
815 948 1110 989 intentante*2
1173 952 1357 990 coactus
1422 950 1680 996 dimisisset,

186 1009 457 1055 resumeret;
494 1020 539 1048 se
573 1007 659 1047 sibi
691 1019 775 1047 nec
809 1007 946 1046 armis
979 1007 1137 1048 defore
1170 1022 1254 1048 nec
1290 1009 1475 1050 animis:
1512 1009 1681 1050 multos

186 1066 319 1106 illum
351 1066 399 1105 in
432 1065 557 1106 brevi
589 1066 795 1106 fautores
828 1066 1109 1114 habiturum.
1154 1067 1260 1120 quia
1303 1067 1438 1107 multi
1484 1069 1681 1108 multum

187 1125 594 1166 abhominarentur
630 1126 726 1164 tam
767 1125 1007 1165 insolitum
1048 1125 1228 1166 facinus
1272 1128 1317 1167 et
1362 1127 1679 1167 inhumanum.

137 1198 172 1222 15
187 1183 392 1234 Quorum
423 1183 766 1237 importunitati
798 1184 884 1224 hac
916 1183 995 1225 ille
1034 1184 1212 1226 ratione
1246 1186 1383 1225 reniti
1417 1187 1557 1239 cepit:
1602 1187 1679 1226 1111-

184 1243 399 1297 possibile
442 1255 536 1283 esse
575 1243 790 1283 amissum
832 1243 1075 1296 imperium
1117 1245 1254 1284 armis
1295 1248 1514 1298 repet-ere,
1560 1247 1682 1299 quod

185 1315 439 1355 possessum
473 1301 609 1342 armis
643 1302 850 1355 optinere
882 1302 1182 1355 nequivisset:
1219 1303 1336 1343 illud
1361 1304 1447 1344 sibi
1470 1318 1561 1344 non
1585 1319 1681 1346 esse

184 1361 317 1409 tanti,
352 1363 404 1400 ut
436 1360 685 1401 multorum
710 1361 849 1401 exitio
871 1362 1184 1415 recipiendum
1209 1363 1464 1409 estimaret;
1502 1363 1680 1404 beatius

184 1419 349 1460 sibiet
381 1419 528 1459 tutius
564 1420 676 1465 fore,
719 1422 772 1459 ut
814 1420 1033 1474 privatus.
1076 1420 1186 1462 licet
1227 1422 1416 1474 indigne
1461 1423 1677 1467 deiectus,

135 1493 169 1517 20
182 1479 369 1519 viveret.
434 1478 506 1519 Sic
540 1479 770 1532 utrimque
805 1479 914 1519 data
945 1480 1217 1533 redditaque
1251 1481 1442 1522 ratione.
1480 1496 1581 1522 cum
1615 1483 1679 1522 111-

184 1540 303 1578 stare
335 1551 424 1578 non
455 1538 728 1587 desinerent,
764 1551 821 1578 ne
846 1538 1179 1592 benignitatem
1204 1540 1321 1580 circa
1357 1554 1402 1580 se
1425 1543 1679 1582 removeret

184 1610 210 1636 a
241 1610 300 1643 se,
335 1610 418 1637 nec
453 1596 509 1636 ad
542 1596 775 1651 integrum
808 1598 1037 1638 consensit
1065 1611 1147 1639 nec
1171 1598 1346 1645 abnuit,
1374 1600 1678 1653 providusque

182 1655 331 1695 futuri
376 1655 620 1709 precipites
663 1670 818 1697 eorum
861 1656 1054 1697 *animos
1097 1670 1174 1710 spe
1214 1657 1352 1698 dubia
1395 1660 1634 1712 suspendit
1650 1660 1799 1704 3.*f.·.›4¹.

183 1714 335 1768 Igitur
375 1715 521 1768 primo
564 1714 819 1765 Coloniam,
863 1729 978 1768 quae
1021 1716 1217 1769 primum
1260 1717 1481 1771 impetum
1526 1718 1679 1759 latura

135 1773 348 1818 25fuerat,
388 1773 509 1814 vallo
550 1774 844 1827 turribusque
887 1771 1184 1815 muniebantb
1225 1779 1270 1816 et
1305 1777 1533 1829 congestis
1568 1777 1679 1818 belli

183 1832 423 1886 stipendiis
446 1833 750 1886 impositoque
773 1834 1001 1886 praesidio
1035 1834 1289 1887 periculum
1314 1849 1444 1875 suum
1478 1836 1677 1877 fortibus

183 1891 346 1931 animis
379 1892 698 1945 expectabant.
754 1892 826 1933 Sic
860 1895 906 1933 et
939 1893 1052 1933 alias
1076 1893 1221 1939 urbes,
1257 1908 1368 1947 quas
1392 1895 1674 1936 invadendas

183 1950 442 1993 credebant,
478 1951 745 1997 munitione,
781 1952 1005 1992 machinis
1039 1955 1084 1993 et
1117 1952 1277 1993 robore
1305 1953 1505 1993 militum
1533 1955 1675 1995 firma-

183 2009 308 2049 bant.
373 2009 461 2050 Sed
495 2012 541 2050 et
574 2010 776 2051 edictum
809 2011 892 2051 sub
917 2011 1272 2052 comminatione
1307 2013 1481 2053 crudeli
1507 2014 1674 2066 ubique

134 2088 168 2113 30
183 2068 475 2122 properabat.
529 2071 581 2108 ut
615 2069 831 2110 adversus
872 2070 1121 2110 exercitum
1163 2071 1209 2110 in
1253 2085 1417 2124 magna
1461 2073 1675 2126 superbia

182 2140 317 2181 super
351 2140 396 2168 se
427 2131 672 2168 venturum
707 2129 856 2182 parati
898 2133 1050 2170 essent
1085 2132 1130 2170 et
1164 2130 1374 2182 patriam,
1411 2131 1673 2172 libertatem

181 2186 413 2239 vitamque
453 2187 795 2232 defenderent-‚R
851 2201 939 2228 neu
987 2188 1188 2229 sinerent
1235 2189 1307 2229 vel
1356 2204 1517 2230 uxores
1571 2204 1674 2230 suas

183 2245 486 2299 corruptionis
550 2245 748 2287 ludibrio
801 2247 1030 2287 substerni
1084 2247 1155 2288 vel
1209 2262 1340 2300 agros
1394 2249 1441 2288 in
1501 2249 1674 2290 alienos

183 2303 389 2344 dominos
422 2304 630 2345 distrahi.

133 2381 168 2406 35
326 2362 424 2402 Iam
456 2376 534 2403 rex
566 2364 745 2405 Renum
779 2378 880 2404 cum
915 2365 1118 2405 exercitu
1150 2365 1303 2406 valido
1335 2367 1581 2407 transierat
1626 2370 1672 2407 et

183 2420 327 2474 primo
373 2420 632 2472 Coloniam,
682 2437 797 2476 quae
845 2424 974 2476 quasi
1023 2427 1160 2478 caput
1208 2425 1329 2466 inter
1377 2425 1489 2466 alias
1538 2427 1778 2471 urbesffla.)

182 2549 209 2577 a)
229 2554 303 2574 corr.
323 2554 357 2571 ar
377 2547 510 2578 impr-rai.
585 2549 613 2577 b)
634 2550 813 2581 muniebant,
835 2558 888 2574 non
909 2550 1070 2577 muniebat,
1093 2551 1120 2573 in
1142 2551 1235 2575 codice
1254 2552 1390 2581 srriptnm
1412 2555 1461 2576 est.

184 2655 218 2693 1)
264 2652 308 2684 In
345 2654 446 2685 curia
483 2654 696 2687 H'ormatiae
734 2655 829 2688 Maii
867 2658 920 2690 13.
964 2656 1086 2689 habita
1129 2667 1194 2689 rect·
1234 2658 1483 2700 arpeditae'onem
1529 2659 1672 2692 indm-it.

181 2701 217 2741 2)
244 2700 299 2740 Cf.
325 2701 412 2733 Aen.
439 2700 469 2741 J,
497 2702 561 2735 91:
598 2701 682 2734 viris
708 2701 889 2735 intentant
916 2703 1037 2736 omnia
1067 2706 1232 2738 mortem.
1353 2707 1388 2746 3)
1430 2706 1528 2744 Quod
1557 2716 1670 2737 ret-nm

133 2756 169 2780 40
182 2756 252 2778 non
276 2751 334 2780 est.
385 2747 507 2780 Potius
534 2750 727 2792 imperator
745 2750 923 2782 Coloniam
943 2752 1032 2782 vem't
1051 2754 1152 2792 atque
1171 2752 1242 2792 ipse
1261 2753 1427 2793 metuerim
1454 2753 1500 2792 cf.
1520 2752 1672 2787 Eli-belz..

183 2794 244 2827 SS.
271 2793 330 2835 VI,
354 2805 391 2836 p.
410 2796 497 2837 2363
526 2796 620 2830 Anu.
639 2796 867 2830 Hae'ldeshee‘m.
888 2808 924 2839 p.
945 2798 1000 2832 56.
1024 2817 1063 2821 —
1085 2797 1138 2838 Cf.
1160 2800 1217 2832 Or.
1238 2798 1318 2832 Met.
1346 2799 1424 2837 1⁷11,
1452 2801 1541 2833 307:
1569 2798 1672 2831 dubi-

182 2842 259 2873 tare
293 2839 436 2873 videtur
470 2841 725 2885 suspenditque
761 2843 908 2878 animos.
1044 2845 1080 2886 4)
1109 2844 1163 2884 Cf.
1192 2844 1279 2877 Sall.
1318 2846 1391 2879 Cat.
1420 2847 1476 2885 58,
1506 2848 1567 2880 ll:
1606 2856 1671 2888 pro

182 2886 308 2930 patria,
335 2898 400 2930 pro
427 2887 604 2930 libertate,
630 2900 696 2932 pro
723 2889 798 2923 vita
823 2894 1014 2924 certamus.
