1967 3307
148 519 210 543 Ter.
223 518 265 541 Eu

136 554 199 580 ΙΙΙ,
212 554 238 584 2,
253 554 268 577 2

192 414 293 446 1077.

173 713 297 742 (Maia),

269 526 295 543 ιι,

271 554 294 579 3.

312 284 354 317 18
627 281 755 315 VITA
782 280 1019 316 HEINRICI
1037 281 1103 317 IV.
1131 280 1496 316 [MPERATORIS.

310 405 441 452 sisse;
485 406 531 453 et
572 404 658 444 hoc
701 404 746 444 in
782 407 1104 458 argumentum
1138 404 1225 444 sibi
1258 405 1514 453 sumebant,
1549 405 1670 458 quod
1704 419 1807 459 apo-

310 457 497 504 stolicus
541 463 702 512 tacuit,
749 464 858 504 dum
903 466 1006 517 post
1045 463 1379 504 absolutionem
1425 463 1545 517 regis
1582 458 1807 505 R‹3dolfus

309 535 497 573 regnum
530 522 710 571 invasit,
734 523 863 563 iuxta
885 522 1002 562 illud
1027 522 1205 562 comici:
1237 521 1318 573 Qui
1339 525 1454 573 tacet,
1478 521 1585 563 satis
1607 522 1807 563 laudata.

453 581 617 634 Itaque
650 595 728 622 rex
761 582 952 622 cedente
975 575 1217 633 RffidolfoL
1253 581 1381 622 cuius
1405 583 1557 635 caput,
1592 582 1629 622 si
1653 583 1807 635 depre-

311 641 479 680 hensus
521 642 651 687 esset,
695 641 862 681 vindex
903 639 1084 694 gladius
1119 640 1255 693 digne
1289 642 1462 681 rotaret
1476 640 1502 688 1,
1538 640 1838 687 Bawariam,5

311 699 521 740 Sueviam
574 700 743 740 invasit
797 701 843 740 et
896 699 1225 739 coniurationis
1278 700 1519 740 adversum
1573 713 1619 740 se
1667 700 1808 741 sotios

310 754 552 801 vastavitb,
588 758 865 799 munitiones
899 771 1054 798 eorum
1093 758 1255 810 fregit;
1299 772 1382 799 nec
1423 760 1580 799 tamen
1622 772 1703 812 pro
1743 759 1806 799 in-

310 818 452 859 iuriae
487 831 593 858 suae
628 817 820 857 materia
853 830 898 857 se
931 817 1209 865 vindicabat,
1253 817 1331 858 sed
1371 818 1516 858 sciens
1549 818 1594 857 in
1629 817 1807 859 ultione

310 877 440 917 freno
474 877 554 919 uti.
590 876 725 929 longe
758 876 880 916 infra
912 878 1080 916 metam
1121 876 1283 929 culpae
1325 876 1572 917 cohibebat
1604 877 1807 917 habenas

195 936 541 979 (Anwvindictae
558 937 584 974 '-'.
651 935 740 976 Sed
783 931 1039 988 Rffidolfus]
1092 938 1143 975 ut
1192 935 1390 976 dedecus
1439 935 1578 989 fugae
1620 935 1807 976 virtutis
1822 948 1857 973 10

193 1093 294 1126 1086.

136 1139 224 1169 (Any.
240 1141 295 1169 11).

136 2017 222 2044 (Asty,
256 2018 269 2038 Ζ.)

222 1424 258 1452 *fl
270 1424 294 1450 8.

310 996 434 1035 facto
468 996 847 1047 recompensaret,
884 994 1300 1048 Wirziburgensem
1344 994 1576 1035 civitatem
1612 995 1805 1044 obsedit,

310 1054 389 1094 ubi
433 1057 588 1094 tamen
631 1053 796 1094 fraude
839 1053 982 1107 magis
1025 1067 1161 1106 quam
1203 1053 1375 1094 virtute
1417 1056 1673 1107 pugnatum
1723 1055 1806 1094 est.

310 1113 427 1154 Nam
471 1127 573 1153 cum
612 1126 691 1153 rex
735 1113 793 1153 ad
826 1112 1175 1166 propellendum
1210 1113 1388 1153 hostem
1423 1113 1674 1154 exercitum
1708 1126 1808 1153 con-

309 1174 526 1217 vocasset,
560 1172 790 1212 instructa
822 1172 1056 1212 ambarum
1084 1171 1284 1225 partium
1307 1172 1404 1212 acie
1437 1174 1483 1213 et
1506 1172 1664 1226 primis
1686 1172 1809 1213 inter

310 1245 355 1272 se
404 1231 577 1284 praelia
624 1230 935 1275 miscentibus,
985 1231 1172 1283 quidam
1220 1231 1395 1284 equites
1443 1231 1595 1285 regiae
1649 1232 1805 1284 partis,
1823 1243 1856 1267 15

311 1291 516 1331 mercede
550 1290 779 1337 conducti,
824 1290 902 1343 qui
941 1303 987 1330 se
1020 1290 1138 1343 regis
1172 1290 1308 1331 lateri
1340 1290 1469 1343 quasi
1502 1290 1583 1330 fidi
1616 1290 1808 1331 clientes

311 1349 641 1403 applicuerant,
676 1349 829 1389 subito
863 1349 911 1389 in
944 1349 1093 1403 ipsum
1128 1363 1255 1390 arma
1285 1351 1546 1398 verterunt3
1591 1349 1671 1390 sed
1704 1362 1807 1390 aere

314 1409 507 1448 ‘munito
547 1408 725 1462 corpori
767 1408 969 1451 livorem,
1004 1422 1095 1448 non
1128 1408 1296 1448 vulnus
1328 1408 1593 1449 inflixerunt
1608 1408 1636 1447 3.
1700 1408 1807 1449 Heu

308 1467 562 1511 miserrimi,
599 1467 763 1520 quibus
797 1467 995 1521 pretium
1030 1470 1075 1508 et
1099 1467 1280 1508 sceleris
1304 1481 1441 1508 causa
1473 1467 1566 1507 fuit
1599 1469 1645 1508 et
1667 1467 1804 1516 necis,

309 1541 419 1580 quos
461 1541 552 1567 uno
593 1527 642 1566 in
680 1526 780 1567 loco
823 1528 870 1567 et
903 1527 1075 1567 crimen
1113 1525 1308 1567 involvit
1350 1528 1396 1567 et
1427 1526 1654 1575 vindicta3
1700 1540 1808 1566 nam
1822 1539 1857 1563 20

309 1600 383 1627 eos
416 1588 488 1626 tot
509 1586 714 1626 vindices
748 1586 935 1627 dextrae
977 1586 1025 1625 in
1058 1586 1208 1626 frusta
1231 1585 1551 1633 concidebant,
1585 1588 1638 1626 ut
1670 1585 1718 1625 in
1742 1585 1806 1626 eis

308 1645 499 1685 humani
532 1645 765 1686 cadaveris
799 1645 946 1698 figura
979 1645 1161 1698 periret.
1216 1645 1292 1685 Fit
1323 1644 1566 1693 tumultus,
1603 1644 1807 1686 exoritur

310 1705 480 1745 clamor
493 1705 520 1753 4,
545 1704 778 1758 spargitur
793 1704 983 1745 verbum
1005 1717 1157 1757 regem
1181 1700 1527 1753 interfectumd3
1556 1717 1645 1757 quo
1667 1703 1807 1745 verbo

309 1763 580 1817 perterritus
612 1763 839 1804 exercitus
870 1763 1007 1817 fugit,
1042 1763 1186 1804 hostis
1218 1763 1488 1816 insequitur,
1513 1765 1559 1804 et
1591 1763 1808 1816 quoniam

309 1824 357 1863 in
399 1823 525 1876 equis
571 1823 776 1876 equitum
820 1822 942 1863 salus
984 1824 1166 1876 praeter
1208 1836 1375 1876 paucos
1410 1822 1664 1870 constabat,
1699 1821 1807 1862 solis
1822 1837 1856 1863 25

310 1882 542 1936 peditibus
583 1881 842 1923 miserabile
883 1882 1034 1922 fatum
1073 1881 1335 1930 incubuit5;
1381 1881 1574 1934 ideoque
1615 1881 1809 1921 victoria

310 1943 481 1994 quanto
526 1941 707 1981 maioris
750 1941 946 1987 sceleris,
984 1943 1116 1981 tanto
1150 1941 1337 1981 minoris
1369 1940 1531 1980 tituliG
1561 1940 1667 1980 fuit.
1733 1939 1806 1981 Sic

289 2001 454 2040 .hostis
486 2000 598 2041 urbe
632 2003 767 2054 capta
801 2000 1106 2054 impositoque
1134 2000 1362 2053 praesidio
1395 2000 1442 2039 in
1466 1999 1711 2040 Saxoniam
1743 2012 1805 2040 re-

311 2073 490 2113 gressus
524 2062 591 2100 est
610 2059 634 2098 7.
699 2058 833 2110 Quid,
868 2059 1086 2113 improbe,
1126 2059 1212 2099 tibi
1245 2059 1421 2113 profuit
1452 2058 1525 2099 vel
1557 2059 1807 2099 indiscreta

310 2192 337 2215 a)
358 2187 487 2211 Tacent:
509 2187 580 2211 satis
603 2185 724 2210 laudant
748 2187 808 2212 Ter.
891 2186 919 2216 b)
940 2186 1035 2210 eadem
1058 2193 1144 2210 mmm
1166 2186 1194 2209 in
1215 2186 1276 2210 Ioco
1298 2193 1364 2210 ras-o
1384 2193 1439 2212 scr.
1519 2187 1545 2215 c)
1565 2185 1594 2209 in
1614 2185 1711 2209 statim
1731 2192 1807 2211 corr.
1821 2188 1856 2213 30

311 2223 397 2248 iutvr,
470 2223 498 2250 d)
514 2225 581 2252 pos!
602 2222 674 2245 hanc
697 2229 784 2246 vocem
806 2223 880 2245 (lune
899 2222 1011 2245 litterae
1031 2228 1141 2247 erasae.

314 2318 346 2357 1)
378 2318 432 2356 Cf.
462 2317 594 2351 Lucan.
629 2316 733 2356 VIII,
760 2318 845 2351 673:
884 2319 992 2359 caput
1020 2326 1102 2349 ense
1129 2318 1268 2358 rotare3
1305 2316 1349 2350 ib.
1384 2316 1422 2357 V,
1449 2316 1538 2351 206:
1567 2313 1732 2348 Vindicis
1761 2325 1807 2347 an

311 2363 422 2404 gladii
449 2363 596 2398 facinus.
625 2384 667 2388 —
698 2364 752 2404 Cf.
782 2364 969 2396 Bet-thome·
993 2365 1101 2405 Ann„
1129 2363 1190 2397 SS.
1216 2364 1256 2404 V,
1289 2375 1325 2407 p.
1352 2365 1433 2405 295,
1465 2364 1527 2405 que?
1552 2362 1751 2403 chdolfztm
1778 2366 1807 2394 et

311 2412 403 2443 alias
440 2410 638 2443 secundum
678 2411 796 2455 legem
835 2410 1126 2453 Alemannicam,
1166 2410 1267 2453 quasi
1305 2409 1433 2454 dignos
1470 2408 1637 2454 iugulari,
1685 2409 1807 2442 Ulmae

311 2466 353 2493 (c.
383 2459 460 2490 [un.
491 2461 526 2496 1)
552 2459 740 2491 damnatos
766 2469 834 2491 esse
860 2459 1020 2495 tradunt,
1135 2459 1171 2500 ⁸2)
1201 2458 1276 2490 Hoc
1300 2461 1422 2490 auctor
1447 2457 1553 2497 dia-it,
1579 2457 1670 2500 quod
1696 2457 1806 2489 Hein-
1820 2464 1854 2490 35

310 2507 422 2538 ric-nm
452 2506 702 2538 Alemmzm'am
727 2506 968 2538 crudelissime
996 2509 1147 2538 vastasse
1172 2510 1275 2548 atque
1304 2504 1551 2548 depopulatum
1577 2515 1646 2537 esse
1672 2504 1809 2536 inimici

311 2554 572 2586 contmlerent:
606 2554 651 2593 cf.
688 2553 877 2593 Berthold„
914 2553 976 2587 SS.
1003 2553 1042 2593 V,
1077 2564 1113 2595 2).
1141 2554 1220 2588 295.
1344 2554 1378 2595 3)
1416 2552 1470 2592 Cf.
1506 2552 1675 2584 Mariani
1699 2550 1810 2583 Scotte'

311 2601 430 2632 clm-on.
457 2602 585 2632 contin.
605 2601 655 2641 II,
682 2600 744 2634 ΗΕ.
764 2601 801 2641 V,
827 2612 862 2643 p.
882 2601 970 2635 563:
997 2598 1190 2633 Heinricus
1217 2599 1317 2633 iuxta
1330 2598 1610 2642 Wirzeburgum
1634 2597 1805 2640 (a.1086)

313 2679 319 2684 ,
349 2675 355 2681 .
386 2679 391 2684 ,
429 2647 655 2690 quorundam
691 2658 837 2679 suorum
874 2646 1108 2690 perfidorum,
1145 2646 1182 2680 in
1219 2646 1295 2690 ipso
1332 2645 1503 2680 conflictu
1529 2656 1565 2678 se
1593 2644 1637 2678 ad
1663 2643 1805 2678 hostem

312 2694 610 2735 convertentium,
646 2693 804 2737 presidio
841 2693 1013 2736 desertus,
1050 2706 1069 2726 a
1104 2693 1261 2737 quodam
1298 2693 1407 2727 etiam
1440 2691 1639 2726 collaterali
1677 2702 1741 2724 suo
1770 2691 1805 2725 in
1819 2701 1855 2725 4ο

312 2741 447 2774 vertice
474 2753 557 2774 ense
584 2752 782 2784 percussus,
814 2740 914 2774 dedit
940 2752 977 2774 se
1003 2752 1085 2774 cum
1112 2740 1236 2784 paucis
1263 2740 1299 2773 in
1326 2741 1462 2784 fugam.
1559 2741 1595 2782 4)
1624 2740 1676 2780 Cf.
1702 2739 1803 2781 Very.

313 2791 398 2823 Aen.
428 2789 476 2830 ΙΙ,
497 2790 584 2823 313ε
614 2789 775 2821 exoritur
801 2788 958 2828 clamor,
983 2789 1029 2829 cf.
1057 2790 1115 2822 Ov.
1140 2788 1250 2823 Trist.
1270 2788 1300 2829 I,
1320 2790 1353 2828 3,
1373 2790 1428 2822 77.
1528 2788 1563 2829 5)
1589 2786 1642 2827 Cf.
1670 2786 1804 2820 Lucan.

315 2837 377 2876 JV,
405 2839 472 2871 7159
498 2848 570 2878 sq..·
608 2835 643 2868 in
670 2835 809 2878 pedites
836 2834 950 2868 fatum
977 2834 1182 2868 miserabile
1208 2834 1295 2868 belli
1321 2833 1496 2868 incubuit.
1597 2835 1631 2876 6)
1664 2834 1718 2875 Cf.
1747 2832 1804 2868 Ov.

312 2884 392 2917 Mei.
419 2884 507 2923 XII,
526 2885 614 2918 333:
642 2883 819 2915 minorem
846 2881 975 2918 victori
1001 2882 1148 2915 titulum
1177 2908 1183 2914 .
1213 2913 1219 2919 ,
1248 2910 1254 2916 ,
1282 2881 1472 2916 dederunt,
1572 2882 1606 2924 7)
1631 2880 1725 2913 llaec
1750 2882 1806 2913 in-

312 2936 474 2963 act-wate
508 2935 662 2963 narrata
698 2936 803 2969 sunm
838 2934 961 2963 aue-lor
996 2931 1085 2962 enim
1122 2929 1246 2962 bellum
1280 2940 1357 2962 cum
1384 2929 1540 2970 Ix'udolfo
1576 2939 1607 2963 α.
1637 2930 1738 2964 1077.
1775 2930 1804 2960 et
1817 2935 1853 2961 45
