1967 3307
479 253 606 289 VITA
632 250 871 287 HEINRICI
888 251 957 286 IV.
981 250 1348 286 IMPERATORIS.
1619 252 1663 285 31

172 376 322 416 minus
354 376 462 429 spei,
506 377 637 415 tanto
671 373 773 427 plus
806 372 948 413 animi
979 371 1150 420 inerat3
1195 374 1240 412 et
1279 372 1366 412 nisi
1398 372 1660 425 imperator,
1681 375 1782 409 1105.

173 435 332 476 sceleri
364 447 565 488 parcens,
601 431 839 473 castellum
871 430 993 471 tradi
1026 430 1333 484 praecepisset
1349 430 1374 479 ¹,
1414 431 1565 471 adhuc
1597 431 1662 471 ibi
1677 422 1783 487 ζξζὲζζζ

173 507 299 534 cassa
339 493 575 534 obsidione
617 491 860 538 laboraret,
905 492 1094 542 excepto
1138 489 1175 528 si
1208 488 1304 529 sola
1345 489 1502 537 fames,
1547 503 1662 542 quae

173 554 340 593 cuncta
381 553 625 605 expugnat,
668 549 785 589 illud
826 562 918 589 non
951 549 1235 601 expugnaret
1250 548 1277 586 2.
1342 547 1458 588 Ecce
1492 549 1664 600 quanta

132 630 149 655 5
173 612 319 665 pietas
352 610 516 664 patris!
579 608 801 649 Reddidit
844 609 1002 648 contra
1044 606 1127 646 filii
1159 606 1337 647 factum
1370 606 1663 659 paternitatis

173 670 412 718 affectum;
456 683 547 709 non
590 667 790 708 attendit
831 666 1059 713 iniuriam,
1103 665 1182 706 sed
1224 667 1459 714 naturam3
1502 665 1665 704 maluit

173 729 392 782 oppidum
439 727 572 776 tradi,
623 739 756 779 quam
806 725 890 765 filii
938 724 1198 765 discrimine
1244 724 1450 771 liberari3
1502 724 1665 764 maluit

174 788 269 828 eius
301 787 489 827 iniurias
521 785 731 832 tolerare,
767 798 903 838 quam
934 783 1180 824 vindicare.
1246 783 1398 836 Igitur
1431 783 1662 836 oppidani,

174 846 330 887 oblata
372 845 553 898 qualem
594 844 768 885 vellent
809 843 1036 897 pactione,
1085 842 1303 896 oppidum
1347 842 1663 889 tradiderunt;

127 920 161 944 10
175 906 448 957 dimissoque
481 903 685 944 exercitu
716 916 794 943 rex
816 902 1116 955 Ratisponam
1150 914 1196 942 se
1231 900 1442 945 contulit,
1479 903 1528 940 ut
1553 914 1664 946 eam,

175 965 283 1005 dum
307 964 456 1004 adhuc
484 962 676 1016 ancipiti
708 961 929 1016 penderet
953 961 1118 1009 animo,
1143 960 1354 1001 stabilem
1379 960 1465 1000 sibi
1489 960 1666 1012 fixaque

175 1023 262 1064 fide
294 1021 576 1063 immobilem
607 1022 795 1062 faceret.
859 1018 992 1070 Quod
1025 1019 1106 1060 ubi
1149 1019 1371 1072 comperit
1402 1019 1664 1073 imperator,

175 1104 230 1108 —
273 1081 391 1122 sedit
433 1081 554 1122 enim
585 1083 697 1121 tunc
730 1080 777 1120 in
809 1079 921 1120 urbe
950 1078 1311 1131 Wirziburgensi
1347 1100 1413 1127 —,
1448 1080 1667 1132 reputans

175 1141 321 1181 filium
361 1140 434 1181 vel
478 1140 525 1180 in
558 1140 723 1180 itinere
756 1138 828 1179 vel
860 1138 907 1177 in
940 1137 1052 1178 urbe
1087 1137 1351 1191 comprendi
1385 1150 1527 1191 posse.
1571 1140 1668 1177 tam

128 1199 388 1253 15precipiti
426 1201 613 1252 tamque
655 1198 800 1238 tacito
834 1210 969 1238 cursu
1012 1197 1108 1237 eius
1140 1196 1336 1250 vestigia
1375 1196 1665 1249 sequebatur,

174 1261 228 1299 ut
259 1259 348 1300 iter
381 1259 476 1299 eius
508 1272 596 1298 non
633 1259 752 1303 ante,
790 1256 979 1297 '‘donec“
1007 1269 1099 1296 non
1122 1255 1302 1296 modica
1323 1255 1460 1295 turba
1484 1269 1667 1295 suorum

175 1318 371 1358 transito
394 1317 608 1357 Danubio
642 1317 699 1356 ad
732 1315 890 1356 urbem
923 1315 1120 1355 inmissis
1154 1315 1280 1367 equis
1312 1317 1511 1363 ruerent,
1546 1328 1668 1368 prae-

176 1377 382 1417 sciretur.
447 1374 808 1429 Obstupefactus
841 1374 962 1414 filius
996 1374 1054 1414 ad
1087 1376 1182 1413 tam
1216 1373 1416 1414 subitam
1450 1376 1496 1414 et
1528 1373 1669 1427 inopi-

175 1438 332 1476 natam
364 1449 472 1484 rem,
508 1448 562 1476 ex
593 1434 705 1475 urbe
738 1434 958 1488 profugit.
1008 1432 1099 1473 Cur
1121 1433 1245 1485 fugis
1267 1447 1359 1473 non
1380 1432 1668 1486 fugiendum,

129 1509 163 1534 20
178 1509 257 1535 cur
287 1495 411 1548 fugis
444 1496 622 1548 patrem
654 1492 850 1534 tuum‘?3
897 1492 1113 1545 Sequitur
1135 1495 1196 1541 te,
1230 1505 1323 1532 non
1356 1492 1667 1546 persequitur:

178 1554 394 1607 sequitur,
436 1553 636 1606 inquam,
679 1566 771 1592 non
803 1553 856 1591 ut
888 1551 1047 1599 hostis,
1091 1551 1168 1592 sed
1211 1554 1263 1590 ut
1305 1553 1447 1605 pater,
1493 1565 1585 1591 non
1618 1553 1671 1590 ut

178 1614 353 1667 perdat,
388 1612 466 1653 sed
499 1615 551 1652 ut
585 1613 753 1659 servet;
797 1611 1015 1664 sequitur,
1050 1613 1102 1650 ut
1141 1610 1376 1651 turbatam
1411 1624 1464 1651 ex
1498 1612 1542 1650 te
1575 1623 1670 1651 rem

178 1671 410 1725 publicam
450 1672 499 1711 in
540 1671 746 1724 quietum
789 1672 960 1710 statum
1000 1670 1217 1709 restituat
1251 1671 1297 1710 et
1330 1669 1422 1709 tuis
1454 1669 1590 1710 rebus
1623 1669 1671 1708 in

178 1732 387 1770 futurum
420 1730 681 1784 prospiciat.
745 1729 895 1769 Missis
929 1728 1035 1769 ilico
1068 1741 1146 1769 rex
1184 1728 1364 1768 nunciis
1407 1742 1487 1781 per
1520 1728 1672 1768 Bawa—

131 1804 165 1829 25
178 1790 293 1829 riam
326 1792 371 1831 et
404 1789 615 1830 Sueviam
649 1802 853 1843 sparsum
887 1788 1137 1828 exercitum
1169 1787 1422 1841 recollegit,
1457 1801 1573 1840 quae
1601 1801 1671 1827 res

179 1849 513 1902 imperatorem,
548 1851 601 1888 ut
624 1850 670 1889 et
691 1848 788 1901 ipse
812 1848 995 1899 cogeret
1018 1846 1281 1895 exercitum,
1307 1847 1469 1900 coegit.
1521 1846 1672 1899 [gitur

181 1908 404 1948 exercitus
445 1910 638 1960 uterque
681 1907 738 1947 ad
780 1905 967 1946 fluvium
1012 1906 1160 1958 Regin
1208 1919 1254 1946 se
1303 1905 1389 1946 sibi
1432 1905 1670 1959 opposuit3

181 1967 287 2007 hinc
320 1969 462 2020 pater,
495 1967 603 2007 inde
637 1966 771 2013 filius,
806 1965 912 2005 hinc
947 1965 1106 2018 pietas,
1147 1965 1254 2005 inde
1287 1964 1416 2004 furor
1450 1964 1670 2005 consedit.

181 2024 384 2078 Cumque
438 2025 718 2079 potentiores
771 2024 1009 2077 utriusque
1063 2024 1206 2077 partis
1258 2026 1493 2076 tamquam
1549 2024 1671 2063 tanti

133 2099 166 2123 30
181 2084 361 2124 discidii
392 2085 665 2125 mediatores
699 2083 1007 2125 convenirent,
1043 2083 1121 2136 qui
1154 2096 1206 2123 ex
1230 2085 1360 2136 parte
1382 2083 1672 2136 imperatoris

181 2145 322 2191 erant,
358 2138 759 2197 persuasibilibusb
798 2141 943 2182 illecti
974 2142 1121 2182 verbis
1155 2143 1201 2182 et
1224 2141 1382 2181 multis
1406 2142 1672 2194 magnisque

180 2201 592 2255 pollicitationibus
625 2201 825 2250 attracti,
861 2215 968 2254 erga
999 2201 1323 2254 imperatorem
1355 2201 1403 2240 in
1426 2201 1514 2241 fide
1537 2201 1671 2253 frige-

181 2261 314 2310 bant;
355 2263 401 2301 et
434 2261 520 2301 nisi
553 2261 848 2302 domesticam
882 2260 1091 2300 fraudem
1135 2260 1460 2313 praesensisset
1474 2259 1503 2302 ⁴¹,
1549 2259 1672 2300 solus

181 2386 209 2411 a]
230 2394 247 2410 (ι
268 2387 349 2411 fertio
369 2388 555 2418 qmtlernsone
574 2387 632 2412 allo
653 2389 814 2411 atramento
835 2387 930 2410 scriba
952 2393 1018 2409 usus·
1040 2389 1088 2410 est.
1182 2386 1211 2410 b>
1231 2386 1442 2416 persuasilibns
1463 2393 1535 2411 rorr,
1557 2393 1676 2416 persua-

133 2422 168 2447 35
182 2422 326 2453 sibilibus,
349 2422 376 2446 bi
395 2430 536 2452 sapei-scr,

183 2519 216 2560 1)
245 2517 341 2557 (Quod
366 2516 455 2549 alibi
478 2526 548 2549 non
573 2516 831 2558 confirmatum,
860 2516 1065 2548 incredibile
1089 2519 1147 2549 est.
1262 2517 1298 2556 2)
1324 2516 1461 2547 Momm
1490 2516 1531 2549 G.
1561 2515 1676 2546 Ιίἰιίίε

182 2565 290 2606 (Das
316 2564 465 2596 Carmen
501 2564 540 2596 de
566 2563 652 2596 bello
678 2563 780 2597 Sam!
811 2575 848 2606 p.
875 2565 938 2602 42)
975 2564 1132 2595 auctoris
1167 2564 1286 2595 animo
1322 2562 1536 2595 obversatum
1565 2563 1677 2602 fuisse

181 2621 318 2644 versum
345 2611 493 2651 Lucani,
522 2610 650 2644 Phars.
678 2610 746 2650 11⁷,
772 2612 861 2645 409:
894 2609 932 2643 Si
959 2609 1034 2642 sola
1060 2608 1219 2650 recedat,
1255 2616 1439 2653 expugnat
1468 2620 1558 2652 quac
1586 2612 1675 2649 tuta,

184 2656 306 2692 fames.
347 2658 397 2692 W.
496 2658 530 2699 3)
555 2657 608 2698 Cf.
637 2657 994 2699 Eusebius-Rufinus,
1022 2657 1116 2690 Hes-t.
1143 2657 1215 2690 eccl.
1244 2657 1315 2697 III,
1343 2658 1408 2690 23:
1449 2655 1544 2700 Quid
1572 2656 1675 2699 fugis,

133 2714 204 2738 400
231 2703 292 2746 fili,
327 2707 467 2747 patrem
502 2707 630 2737 tuum?
681 2702 776 2747 Quid
812 2703 988 2736 inermem
1024 2702 1175 2736 senem?
1297 2705 1332 2741 4)
1366 2703 1514 2736 Demum
1544 2714 1676 2746 vespere

185 2755 265 2783 ante
288 2751 388 2793 diem,
414 2762 481 2794 quo
507 2753 700 2794 imperator
722 2752 887 2793 pecqnare'
911 2752 1074 2791 iusserat,
1099 2762 1165 2793 per
1191 2751 1351 2783 Βονίιιόί
1376 2751 1425 2784 ΙΙ.
1453 2751 1569 2783 ducem
1591 2751 1674 2782 Bm-

184 2799 275 2829 miae
300 2801 401 2840 atque
426 2798 638 2841 Liupoldmn
664 2798 899 2830 marchionem
925 2799 1095 2830 Austriae
1120 2797 1255 2829 audiri!
1288 2799 1467 2840 principes
1498 2798 1678 2840 proeliari

183 2855 355 2878 recusare.
398 2845 486 2877 Tum
504 2844 650 2878 secretis
676 2844 740 2877 filii
758 2844 898 2877 nunciis
924 2844 1120 2877 instructus
1137 2848 1185 2876 est
1203 2854 1350 2876 suorum
1370 2843 1674 2886 conspirationem

183 2890 353 2924 adversus
378 2902 415 2924 se
441 2891 576 2924 factam
600 2903 681 2934 esse,
708 2892 855 2933 Emi-eh„
883 2892 944 2925 SS.
971 2891 1029 2933 VJ,
1053 2902 1090 2933 p.
1109 2892 1189 2926 229.

1684 1273 1724 1303 *fi
1737 1274 1778 1300 17.
