1967 3307
455 262 583 296 VITA
608 261 845 297 HEINRICI
862 261 932 298 IV.
957 261 1321 297 IMPERATORIS.
1596 264 1637 298 17

145 387 236 428 tur.
276 386 407 425 cuma
447 383 502 425 de
541 383 692 424 banno
725 383 902 424 solutus
935 384 1143 437 potentia
1181 397 1262 424 sua
1300 387 1513 438 potenter
1543 387 1639 425 uta·
1656 395 1757 431 1077.

148 442 255 483 tur?
300 441 421 493 Quid
443 442 570 483 vobis
603 443 780 496 profuit
813 455 916 483 eum
939 442 1057 483 fictis
1091 443 1356 484 criminibus
1390 457 1637 488 accusasse,

149 516 252 543 cum
300 502 640 542 accusationem
681 503 881 542 vestram
928 501 1058 542 facili
1098 515 1327 555 responso,
1377 504 1429 541 ut
1475 505 1639 543 ventus

148 560 396 615 pulverem,
433 560 753 614 dissipaverit?
801 560 948 601 Immo
971 574 1086 613 quae
1114 560 1346 601 dementia
1370 574 1448 601 vos
1481 564 1641 601 contra

105 632 123 657 5
147 632 302 673 regem
335 619 556 660 *vestrum
591 622 637 660 et
669 619 791 659 orbis
823 621 1046 660 rectorem
1089 619 1315 659 armavit?
1372 619 1503 659 Nihil
1541 633 1667 660 σοιν*
1708 636 1721 643 ”

147 679 299 718 iurata
339 681 492 719 vestra
532 678 795 732 malignitas
837 678 1029 731 proficit,
1074 678 1191 718 nihil
1239 678 1430 732 peragit.
1495 677 1641 728 Quem

147 737 236 778 Dei
267 750 429 777 manus
460 737 509 777 in
540 750 681 790 regno
714 737 925 779 firmavit,
959 740 1110 777 vestra
1133 737 1310 778 deicere
1342 751 1434 778 non
1457 738 1639 791 poterit.

147 796 240 837 Ubi
261 796 375 837 fides
390 796 416 842 ¹,
451 810 586 849 quam
614 795 686 836 illi
717 796 934 836 iurastis‘?
982 794 1132 846 Quare
1154 796 1491 839 beneficiorum,
1526 810 1641 849 quae

147 856 274 909 regia
306 854 587 896 liberalitate
631 854 830 896 contulit
870 855 919 894 in
950 868 1041 898 vos,
1076 855 1210 895 obliti
1244 855 1384 896 estis‘?
1446 855 1642 895 Utimini

101 915 220 958 10vel
253 914 403 955 adhuc
445 927 555 954 sano
598 913 801 961 consilio,
843 928 937 954 non
968 913 1144 962 furore;
1186 914 1421 967 poeniteat
1461 927 1538 954 vos
1579 914 1642 953 in-

148 973 283 1027 cepti,
318 986 374 1014 ne
406 973 528 1013 forte
560 973 725 1013 fortior
755 973 884 1013 vobis
916 973 1238 1026 superveniens
1270 973 1425 1014 vincat
1457 973 1565 1013 vos'2
1597 975 1643 1014 et

148 1032 341 1086 pedibus
383 1032 474 1072 suis
518 1031 756 1072 conculcet
798 1045 875 1072 vos
918 1034 963 1073 et
1005 1045 1058 1072 ea
1089 1032 1294 1073 vindicta
1335 1032 1486 1078 feriat,
1526 1046 1641 1085 quae

147 1091 318 1132 futuris
367 1091 560 1131 saeculis
609 1092 903 1134 demonstret,
954 1091 1064 1144 quid
1104 1091 1231 1145 regia
1272 1104 1434 1131 manus
1474 1091 1639 1131 valeat.

149 1150 323 1191 Saltem
355 1164 446 1199 vos,
488 1153 514 1190 o
557 1150 770 1204 episcopi,
804 1150 969 1198 videte,
1003 1163 1055 1190 oze
1087 1149 1276 1201 pereatis
1313 1150 1361 1189 de
1392 1149 1460 1190 via
1502 1149 1739 1199 1”ηεΐα,·1τ>.ς.ρ,
1756 1166 1787 1189 12

100 1226 134 1251 15
149 1210 313 1259 videte,
347 1223 404 1250 ne
435 1211 793 1262 transgressores
825 1209 1073 1263 promissae
1106 1209 1213 1250 fidei
1246 1210 1388 1259 fiatis;
1424 1209 1639 1262 alioquin,

148 1269 259 1322 quid
292 1270 598 1321 consequatur
629 1281 720 1317 vos,
755 1268 843 1322 ipsi
874 1268 1033 1308 nostis.

292 1330 331 1367 4.
374 1327 527 1381 Igitur
547 1341 627 1368 rex
649 1327 705 1367 ab
729 1327 981 1381 apostolico
1013 1340 1245 1380 regressus
1261 1326 1287 1370 3,
1323 1327 1643 1368 benedictione

147 1400 228 1441 pro
276 1386 599 1427 maledictione
648 1388 848 1440 accepta,
897 1381 1146 1427 Rffidolfum
1200 1386 1359 1427 ducem
1415 1400 1550 1440 super
1597 1399 1643 1427 se
1658 1402 1828 1433 (Mart-15).

147 1459 301 1499 regem
327 1448 529 1486 creatum
552 1445 749 1493 invenit3
786 1445 863 1498 qui
886 1445 1047 1485 audita
1068 1445 1363 1499 regressionis
1387 1446 1483 1486 eius
1504 1445 1641 1487 fama,

100 1520 135 1545 20
149 1507 257 1545 ante
299 1507 486 1558 paratus
531 1504 589 1544 ad
629 1504 789 1557 fugam
831 1518 967 1558 quam
1006 1504 1064 1545 ad
1097 1518 1311 1558 pugnam,
1347 1507 1453 1545 ante
1486 1504 1752 1558 pulsusftun.)

148 1577 284 1617 quam
316 1563 477 1608 victus„
511 1563 559 1603 in
584 1563 827 1603 Saxoniam
859 1564 995 1616 fugit.
1040 1563 1193 1604 Facile
1217 1566 1285 1604 est
1317 1577 1508 1616 regnum
1534 1564 1644 1604 acci-

149 1635 269 1676 pere,
305 1622 495 1663 difficile
517 1622 638 1663 tueri
652 1622 680 1662 4.
728 1622 817 1663 Sed
838 1622 957 1662 nulli
980 1623 1144 1662 mirum
1178 1622 1237 1662 sit
1259 1623 1406 1662 virum
1439 1623 1486 1662 in
1509 1622 1644 1663 rebus

151 1681 328 1723 bellicis
373 1681 674 1723 exercitatum
724 1684 770 1722 et
817 1683 1086 1722 strennuum
1135 1695 1256 1722 nune
1304 1682 1490 1735 fugisse.
1538 1682 1644 1735 quia

149 1754 255 1794 sepe
287 1741 451 1781 iustior
483 1743 529 1781 et
561 1740 725 1781 victrix
759 1740 925 1822 causa5
955 1740 1099 1781 fortes
1131 1741 1179 1780 in
1212 1743 1386 1782 metmn
1418 1741 1564 1781 mittit
1598 1744 1645 1781 et

99 1809 134 1834 25
148 1795 223 1840 inb
251 1799 424 1854 fugam.
490 1798 527 1841 O
561 1800 835 1840 avariciam
867 1802 1042 1853 pestem
1072 1800 1327 1853 pessimam
1363 1814 1478 1867 quae
1501 1800 1645 1840 bonos

149 1872 296 1900 mores
328 1859 597 1900 transvertit
638 1861 684 1900 et
717 1872 822 1925 sepe
863 1859 984 1913 ipsas
1016 1859 1211 1900 virtutes
1245 1859 1302 1899 ad
1334 1859 1453 1899 vicia
1483 1859 1642 1899 trahit.

149 1917 245 1958 Iste
250 1913 529 1984 ‘Rffidolfusj
551 1919 642 1958 dux
661 1918 864 1967 eximius,
883 1918 951 1958 vir
969 1931 1161 1971 magnae
1179 1918 1469 1958 auctoritatis
1488 1920 1534 1959 et
1552 1917 1643 1958 lau-

149 1976 217 2017 dis
246 1976 295 2017 in
316 1979 416 2017 toto
448 1990 603 2030 regno
640 1976 752 2017 *veri
784 1977 989 2030 rectique
1021 1979 1172 2021 tenax
1206 1977 1341 2017 fortis
1383 1977 1430 2016 in
1463 1978 1625 2017 armis

148 2036 344 2088 denique
369 2038 600 2090 spectatus
628 2037 675 2076 in
699 2036 823 2077 omni
852 2049 1017 2089 genere
1039 2036 1277 2083 virtutum,
1312 2036 1411 2081 iste,
1442 2036 1641 2089 inquam,

100 2107 134 2132 30
148 2095 357 2142 avaricia,
383 2109 497 2148 quae
524 2095 667 2135 vincit
697 2095 861 2142 omnia,
885 2095 1034 2135 victus
1058 2097 1103 2136 et
1127 2095 1449 2149 supplantator
1471 2095 1642 2135 domini

148 2154 218 2194 sui
249 2154 414 2199 factus,
450 2154 586 2195 fidem
612 2155 789 2195 incerto
812 2154 1072 2208 postposuit
1095 2154 1270 2194 honori.
1321 2154 1465 2194 Fuere
1488 2156 1643 2194 tamen

147 2213 225 2265 qui
248 2213 484 2254 dicerentS
506 2213 561 2253 ab
595 2212 848 2267 apostolico
882 2227 985 2254 eum
1018 2213 1253 2253 inmissum
1270 2215 1285 2235 ‘⁴
1311 2226 1393 2253 nec
1426 2226 1641 2266 uinquam

147 2273 305 2312 tantae
338 2272 522 2312 virtutis
555 2272 701 2312 virum
735 2273 879 2325 magis
913 2272 1131 2312 avaritiae
1164 2286 1300 2325 quam
1334 2271 1522 2312 consilio
1556 2285 1642 2312 ces-

149 2389 177 2416 a)
197 2393 245 2410 um
267 2387 294 2410 in
315 2387 376 2410 Ioco
397 2394 473 2414 raso.
547 2387 577 2418 b)
598 2387 729 2418 infugam
751 2387 879 2410 radendo
900 2394 973 2413 corr,
994 2387 1022 2411 in
1045 2387 1062 2413 f.

101 2470 184 2511 351)
213 2468 270 2503 Ov.
297 2469 382 2503 Her.
410 2469 460 2511 II,
480 2471 545 2504 31:
581 2467 680 2511 Iura,
715 2467 803 2502 fides
835 2468 897 2501 ubi
928 2471 1047 2501 nunc?
1168 2469 1204 2512 2)
1233 2469 1286 2509 Cf.
1316 2469 1398 2502 Luc.
1429 2470 1482 2510 11,
1502 2471 1567 2503 22:
1603 2469 1640 2501 Si

149 2518 271 2548 autem
298 2515 426 2548 fortior
453 2526 495 2549 eo
522 2515 779 2558 superveniens
804 2515 932 2549 vicerit
958 2527 1052 2549 eum.
1149 2518 1185 2558 3)
1213 2516 1316 2548 Circa
1343 2516 1432 2550 Mai.
1453 2518 1484 2550 1.
1509 2527 1575 2548 νεα·
1600 2528 1643 2549 ea·

151 2564 261 2596 Italia
288 2564 523 2605 Ratisptmam
554 2565 720 2606 pervenit.
819 2565 857 2603 4)
893 2564 946 2604 (ff.
975 2564 1017 2597 A.
1047 2564 1133 2603 Otto,
1171 2564 1248 2596 ‘Die
1274 2564 1531 2606 Sprz'clcwo'rter
1568 2564 1640 2594 κη’(

150 2610 385 2653 ερνὶσῆιυϋνίί.
412 2610 651 2643 Redensarten
676 2610 738 2643 der
764 2610 910 2642 Iffimer’
937 2611 1101 2653 (Leipeiy
1132 2611 1251 2651 1890),
1282 2622 1319 2653 J).
1346 2611 1426 2651 5265,
1454 2621 1512 2645 nr.
1542 2612 1641 2644 1:341.

152 2658 186 2698 ὃ)
211 2657 267 2698 Cf.
286 2657 420 2692 Lucan.
448 2657 477 2699 I,
499 2658 584 2691 128:
612 2656 742 2690 victrix
769 2668 886 2691 causa.
986 2660 1020 2699 6)
1048 2657 1103 2698 Cf.
1130 2657 1218 2692 Sall.
1247 2657 1320 2691 Cat.
1351 2659 1404 2695 10,
1422 2659 1464 2691 4:
1492 2656 1642 2690 avaritia.

103 2713 160 2736 4ο.
188 2731 195 2737 .
224 2728 231 2735 .
267 2706 360 2737 artes
387 2704 499 2737 bonas
525 2703 724 2746 subvortit3
762 2705 806 2745 cf.
845 2704 886 2738 ib.
926 2705 980 2743 11,
1009 2707 1038 2738 1.
1162 2704 1197 2748 7)
1235 2704 1289 2745 Cf.
1318 2704 1451 2738 Lucan.
1488 2705 1526 2744 Γ,
1554 2706 1640 2738 345:

153 2749 256 2782 sortis
281 2750 317 2782 in
344 2751 461 2788 armis,
559 2751 595 2794 ὅ)
625 2752 681 2792 Cf.
700 2751 848 2791 Elea-eh„
875 2751 936 2785 SS.
955 2752 1015 2791 VJ,
1038 2764 1074 2794 p.
1094 2753 1180 2785 ⁶202:
1209 2750 1355 2794 quidam
1383 2750 1506 2784 dicunt
1533 2751 1642 2793 ipsius

153 2807 268 2839 papae
294 2797 509 2831 auctoritate
536 2801 572 2831 et
589 2798 739 2831 consilio
767 2797 991 2832 Ruodolfum
1020 2798 1055 2830 in
1081 2809 1194 2839 regno
1220 2798 1467 2838 sublimatum,
1494 2797 1638 2840 quidam

152 2854 238 2876 VOI‘O
265 2846 409 2887 negant·
531 2847 565 2887 9)
594 2845 647 2886 Cf.
675 2846 763 2883 Sall,
792 2846 866 2878 Cat.
892 2847 949 2887 45,
969 2847 1011 2879 8.
1048 2845 1107 2878 alii
1144 2844 1380 2887 Tarquinium
1417 2856 1435 2877 a
1467 2845 1640 2878 Cicerone

152 2889 350 2923 immissum
377 2890 534 2926 aiebant.

1335 2966 1357 2984 ⁴)
