<?xml version="1.0" encoding="UTF-8"?>
<!DOCTYPE html PUBLIC "-//W3C//DTD XHTML 1.0 Transitional//EN"
    "http://www.w3.org/TR/xhtml1/DTD/xhtml1-transitional.dtd">
<html xmlns="http://www.w3.org/1999/xhtml" xml:lang="en" lang="en">
 <head>
  <title>
</title>
<meta http-equiv="Content-Type" content="text/html;charset=utf-8" />
  <meta name='ocr-system' content='tesseract 3.04.00' />
  <meta name='ocr-capabilities' content='ocr_page ocr_carea ocr_par ocr_line ocrx_word'/>
</head>
<body>
  <div class='ocr_page' id='page_1' title='image "./vitaheinriciivim00watt_0017.png"; bbox 0 0 1967 3307; ppageno 0'>
   <div class='ocr_carea' id='block_1_1' title="bbox 506 269 1691 307">
    <p class='ocr_par' dir='ltr' id='par_1_1' title="bbox 506 269 1691 307">
     <span class='ocr_line' id='line_1_1' title="bbox 506 269 1691 307; baseline 0.003 -3"><span class='ocrx_word' id='word_1_1' title='bbox 506 269 634 304; x_wconf 84' lang='lat' dir='ltr'><strong>VITA</strong></span> <span class='ocrx_word' id='word_1_2' title='bbox 659 269 898 304; x_wconf 87' lang='lat' dir='ltr'>HEINRICI</span> <span class='ocrx_word' id='word_1_3' title='bbox 915 269 983 306; x_wconf 86' lang='lat' dir='ltr'>IV.</span> <span class='ocrx_word' id='word_1_4' title='bbox 1009 269 1374 306; x_wconf 82' lang='lat' dir='ltr'><strong>IMPERATORIS.</strong></span> <span class='ocrx_word' id='word_1_5' title='bbox 1670 274 1691 307; x_wconf 90' lang='lat'>9</span> 
     </span>
    </p>
   </div>
   <div class='ocr_carea' id='block_1_2' title="bbox 343 378 1885 444">
    <p class='ocr_par' dir='ltr' id='par_1_2' title="bbox 343 378 1885 444">
     <span class='ocr_line' id='line_1_2' title="bbox 343 378 1885 444; baseline 0.001 -13"><span class='ocrx_word' id='word_1_6' title='bbox 343 395 380 431; x_wconf 90' lang='lat'>1.</span> <span class='ocrx_word' id='word_1_7' title='bbox 435 390 538 443; x_wconf 74' lang='lat' dir='ltr'>Quis</span> <span class='ocrx_word' id='word_1_8' title='bbox 569 389 686 432; x_wconf 71' lang='lat' dir='ltr'>dabit</span> <span class='ocrx_word' id='word_1_9' title='bbox 724 393 908 442; x_wconf 69' lang='lat' dir='ltr'>aquama</span> <span class='ocrx_word' id='word_1_10' title='bbox 945 389 1075 442; x_wconf 73' lang='lat' dir='ltr'>capiti</span> <span class='ocrx_word' id='word_1_11' title='bbox 1114 404 1202 431; x_wconf 81' lang='lat' dir='ltr'>meo</span> <span class='ocrx_word' id='word_1_12' title='bbox 1239 395 1276 431; x_wconf 76' lang='lat' dir='ltr'>et</span> <span class='ocrx_word' id='word_1_13' title='bbox 1306 391 1463 442; x_wconf 75' lang='lat' dir='ltr'>fontem</span> <span class='ocrx_word' id='word_1_14' title='bbox 1495 378 1885 444; x_wconf 51' lang='lat' dir='ltr'>Iac⁷·z&#39;1na-{2,¹·ss‚‚.,9‚1‚</span> 
     </span>
    </p>
   </div>
   <div class='ocr_carea' id='block_1_3' title="bbox 144 449 1880 2213">
    <p class='ocr_par' dir='ltr' id='par_1_3' title="bbox 144 449 1880 2213">
     <span class='ocr_line' id='line_1_3' title="bbox 195 449 1688 504; baseline 0.001 -14"><span class='ocrx_word' id='word_1_15' title='bbox 195 463 291 490; x_wconf 72' lang='lat' dir='ltr'>rum</span> <span class='ocrx_word' id='word_1_16' title='bbox 332 449 461 491; x_wconf 69' lang='lat' dir='ltr'>oculis</span> <span class='ocrx_word' id='word_1_17' title='bbox 500 449 615 501; x_wconf 71' lang='lat' dir='ltr'>meis,</span> <span class='ocrx_word' id='word_1_18' title='bbox 657 452 710 490; x_wconf 88' lang='lat' dir='ltr'>ut</span> <span class='ocrx_word' id='word_1_19' title='bbox 752 449 948 503; x_wconf 79' lang='lat' dir='ltr'>lugeam,</span> <span class='ocrx_word' id='word_1_20' title='bbox 984 463 1075 490; x_wconf 89' lang='lat' dir='ltr'>non</span> <span class='ocrx_word' id='word_1_21' title='bbox 1116 450 1294 490; x_wconf 82' lang='lat' dir='ltr'>excidia</span> <span class='ocrx_word' id='word_1_22' title='bbox 1326 453 1487 504; x_wconf 88' lang='lat' dir='ltr'>captae</span> <span class='ocrx_word' id='word_1_23' title='bbox 1519 451 1646 491; x_wconf 90' lang='lat' dir='ltr'>urbis</span> <span class='ocrx_word' id='word_1_24' title='bbox 1663 451 1688 498; x_wconf 79' lang='lat'>1,</span> 
     </span>
     <span class='ocr_line' id='line_1_4' title="bbox 196 508 1689 562; baseline 0 -13"><span class='ocrx_word' id='word_1_25' title='bbox 196 523 289 550; x_wconf 91' lang='lat' dir='ltr'>non</span> <span class='ocrx_word' id='word_1_26' title='bbox 322 509 640 562; x_wconf 87' lang='lat' dir='ltr'>captivitatem</span> <span class='ocrx_word' id='word_1_27' title='bbox 665 508 768 549; x_wconf 85' lang='lat' dir='ltr'>vilis</span> <span class='ocrx_word' id='word_1_28' title='bbox 791 508 930 562; x_wconf 85' lang='lat' dir='ltr'>vulgi,</span> <span class='ocrx_word' id='word_1_29' title='bbox 965 522 1056 549; x_wconf 90' lang='lat' dir='ltr'>non</span> <span class='ocrx_word' id='word_1_30' title='bbox 1090 509 1257 549; x_wconf 87' lang='lat' dir='ltr'>damna</span> <span class='ocrx_word' id='word_1_31' title='bbox 1289 523 1439 550; x_wconf 88' lang='lat' dir='ltr'>rerum</span> <span class='ocrx_word' id='word_1_32' title='bbox 1473 523 1689 559; x_wconf 87' lang='lat' dir='ltr'>mearum,</span> 
     </span>
     <span class='ocr_line' id='line_1_5' title="bbox 198 563 1691 622; baseline -0.001 -13"><span class='ocrx_word' id='word_1_33' title='bbox 198 569 276 609; x_wconf 86' lang='lat' dir='ltr'>sed</span> <span class='ocrx_word' id='word_1_34' title='bbox 308 570 502 609; x_wconf 89' lang='lat' dir='ltr'>mortem</span> <span class='ocrx_word' id='word_1_35' title='bbox 535 563 776 621; x_wconf 83' lang='lat' dir='ltr'>H[einrici]</span> <span class='ocrx_word' id='word_1_36' title='bbox 811 567 1098 621; x_wconf 85' lang='lat' dir='ltr'>imperatoris</span> <span class='ocrx_word' id='word_1_37' title='bbox 1123 568 1320 621; x_wconf 82' lang='lat' dir='ltr'>augusti,</span> <span class='ocrx_word' id='word_1_38' title='bbox 1355 568 1434 621; x_wconf 90' lang='lat' dir='ltr'>qui</span> <span class='ocrx_word' id='word_1_39' title='bbox 1457 582 1557 622; x_wconf 91' lang='lat' dir='ltr'>spes</span> <span class='ocrx_word' id='word_1_40' title='bbox 1590 582 1691 609; x_wconf 87' lang='lat' dir='ltr'>mea</span> 
     </span>
     <span class='ocr_line' id='line_1_6' title="bbox 153 626 1691 680; baseline 0 -13"><span class='ocrx_word' id='word_1_41' title='bbox 153 642 170 667; x_wconf 85' lang='lat'>5</span> <span class='ocrx_word' id='word_1_42' title='bbox 197 629 243 668; x_wconf 91' lang='lat' dir='ltr'>et</span> <span class='ocrx_word' id='word_1_43' title='bbox 284 627 471 667; x_wconf 90' lang='lat' dir='ltr'>unicum</span> <span class='ocrx_word' id='word_1_44' title='bbox 512 626 732 667; x_wconf 91' lang='lat' dir='ltr'>solacium</span> <span class='ocrx_word' id='word_1_45' title='bbox 773 626 877 673; x_wconf 83' lang='lat' dir='ltr'>fuit,</span> <span class='ocrx_word' id='word_1_46' title='bbox 920 626 1059 667; x_wconf 89' lang='lat' dir='ltr'>immo</span> <span class='ocrx_word' id='word_1_47' title='bbox 1100 628 1154 666; x_wconf 90' lang='lat' dir='ltr'>ut</span> <span class='ocrx_word' id='word_1_48' title='bbox 1196 627 1251 668; x_wconf 89' lang='lat' dir='ltr'>de</span> <span class='ocrx_word' id='word_1_49' title='bbox 1285 640 1355 668; x_wconf 89' lang='lat' dir='ltr'>me</span> <span class='ocrx_word' id='word_1_50' title='bbox 1387 629 1579 671; x_wconf 73' lang='lat' dir='ltr'>taceam,</span> <span class='ocrx_word' id='word_1_51' title='bbox 1613 627 1691 680; x_wconf 93' lang='lat' dir='ltr'>qui</span> 
     </span>
     <span class='ocr_line' id='line_1_7' title="bbox 195 685 1690 739; baseline 0.001 -14"><span class='ocrx_word' id='word_1_52' title='bbox 195 685 342 739; x_wconf 87' lang='lat' dir='ltr'>gloria</span> <span class='ocrx_word' id='word_1_53' title='bbox 363 686 546 735; x_wconf 82' lang='lat' dir='ltr'>Romae,</span> <span class='ocrx_word' id='word_1_54' title='bbox 581 686 719 726; x_wconf 86' lang='lat' dir='ltr'>decus</span> <span class='ocrx_word' id='word_1_55' title='bbox 740 685 934 738; x_wconf 74' lang='lat' dir='ltr'>imperii,</span> <span class='ocrx_word' id='word_1_56' title='bbox 968 685 1156 725; x_wconf 88' lang='lat' dir='ltr'>lucerna</span> <span class='ocrx_word' id='word_1_57' title='bbox 1178 685 1337 726; x_wconf 92' lang='lat' dir='ltr'>mundi</span> <span class='ocrx_word' id='word_1_58' title='bbox 1361 685 1548 726; x_wconf 71' lang='lat' dir='ltr'>extitit?</span> <span class='ocrx_word' id='word_1_59' title='bbox 1591 686 1690 726; x_wconf 87' lang='lat' dir='ltr'>Erit</span> 
     </span>
     <span class='ocr_line' id='line_1_8' title="bbox 196 743 1689 798; baseline 0 -13"><span class='ocrx_word' id='word_1_60' title='bbox 196 745 388 798; x_wconf 85' lang='lat' dir='ltr'>posthac</span> <span class='ocrx_word' id='word_1_61' title='bbox 431 745 545 784; x_wconf 87' lang='lat' dir='ltr'>mihi</span> <span class='ocrx_word' id='word_1_62' title='bbox 584 744 681 784; x_wconf 81' lang='lat' dir='ltr'>vita</span> <span class='ocrx_word' id='word_1_63' title='bbox 720 743 953 784; x_wconf 76' lang='lat' dir='ltr'>iocunda‘?</span> <span class='ocrx_word' id='word_1_64' title='bbox 1015 744 1116 784; x_wconf 86' lang='lat' dir='ltr'>Erit</span> <span class='ocrx_word' id='word_1_65' title='bbox 1158 744 1327 797; x_wconf 88' lang='lat' dir='ltr'>absque</span> <span class='ocrx_word' id='word_1_66' title='bbox 1360 744 1560 785; x_wconf 79' lang='lat' dir='ltr'><strong>lacrimis</strong></span> <span class='ocrx_word' id='word_1_67' title='bbox 1594 745 1689 786; x_wconf 87' lang='lat' dir='ltr'>dies</span> 
     </span>
     <span class='ocr_line' id='line_1_9' title="bbox 196 803 1690 857; baseline 0 -14"><span class='ocrx_word' id='word_1_68' title='bbox 196 805 276 843; x_wconf 90' lang='lat' dir='ltr'>aut</span> <span class='ocrx_word' id='word_1_69' title='bbox 309 803 452 844; x_wconf 81' lang='lat' dir='ltr'>hora‘?</span> <span class='ocrx_word' id='word_1_70' title='bbox 516 803 611 843; x_wconf 85' lang='lat' dir='ltr'>Aut</span> <span class='ocrx_word' id='word_1_71' title='bbox 642 806 809 851; x_wconf 86' lang='lat' dir='ltr'>tecum,</span> <span class='ocrx_word' id='word_1_72' title='bbox 851 806 876 843; x_wconf 86' lang='grc' dir='ltr'>ὁ</span> <span class='ocrx_word' id='word_1_73' title='bbox 911 803 1185 853; x_wconf 76' lang='lat' dir='ltr'>dulcissime,</span> <span class='ocrx_word' id='word_1_74' title='bbox 1220 805 1380 857; x_wconf 88' lang='lat' dir='ltr'>potero</span> <span class='ocrx_word' id='word_1_75' title='bbox 1413 803 1537 843; x_wconf 90' lang='lat' dir='ltr'>illius</span> <span class='ocrx_word' id='word_1_76' title='bbox 1571 818 1690 844; x_wconf 87' lang='lat' dir='ltr'>men-</span> 
     </span>
     <span class='ocr_line' id='line_1_10' title="bbox 193 861 1690 915; baseline 0 -13"><span class='ocrx_word' id='word_1_77' title='bbox 193 863 368 903; x_wconf 88' lang='lat' dir='ltr'>tionem</span> <span class='ocrx_word' id='word_1_78' title='bbox 401 862 569 903; x_wconf 88' lang='lat' dir='ltr'>habere</span> <span class='ocrx_word' id='word_1_79' title='bbox 601 862 698 903; x_wconf 87' lang='lat' dir='ltr'>sine</span> <span class='ocrx_word' id='word_1_80' title='bbox 730 861 905 903; x_wconf 77' lang='lat' dir='ltr'>fletu‘?²</span> <span class='ocrx_word' id='word_1_81' title='bbox 965 861 1083 903; x_wconf 84' lang='lat' dir='ltr'>Ecce</span> <span class='ocrx_word' id='word_1_82' title='bbox 1116 863 1223 902; x_wconf 89' lang='lat' dir='ltr'>dum</span> <span class='ocrx_word' id='word_1_83' title='bbox 1258 862 1405 903; x_wconf 89' lang='lat' dir='ltr'>scribo</span> <span class='ocrx_word' id='word_1_84' title='bbox 1448 863 1569 915; x_wconf 89' lang='lat' dir='ltr'>quod</span> <span class='ocrx_word' id='word_1_85' title='bbox 1603 863 1690 903; x_wconf 89' lang='lat' dir='ltr'>dic-</span> 
     </span>
     <span class='ocr_line' id='line_1_11' title="bbox 146 921 1689 975; baseline 0 -14"><span class='ocrx_word' id='word_1_86' title='bbox 146 938 181 961; x_wconf 87' lang='lat'>10</span> <span class='ocrx_word' id='word_1_87' title='bbox 195 921 312 962; x_wconf 81' lang='lat' dir='ltr'>tavit</span> <span class='ocrx_word' id='word_1_88' title='bbox 334 921 626 975; x_wconf 67' lang='lat' dir='ltr'>impatientia</span> <span class='ocrx_word' id='word_1_89' title='bbox 659 921 840 966; x_wconf 79' lang='lat' dir='ltr'>doloris,</span> <span class='ocrx_word' id='word_1_90' title='bbox 877 922 1049 962; x_wconf 87' lang='lat' dir='ltr'>cadunt</span> <span class='ocrx_word' id='word_1_91' title='bbox 1072 921 1288 962; x_wconf 78' lang='lat' dir='ltr'>lacrimae</span> <span class='ocrx_word' id='word_1_92' title='bbox 1304 922 1331 967; x_wconf 77' lang='lat'>3,</span> <span class='ocrx_word' id='word_1_93' title='bbox 1366 922 1554 962; x_wconf 88' lang='lat' dir='ltr'>madent</span> <span class='ocrx_word' id='word_1_94' title='bbox 1577 921 1689 962; x_wconf 83' lang='lat' dir='ltr'>fletu</span> 
     </span>
     <span class='ocr_line' id='line_1_12' title="bbox 194 980 1689 1033; baseline 0 -13"><span class='ocrx_word' id='word_1_95' title='bbox 194 980 390 1029; x_wconf 79' lang='lat' dir='ltr'>litterae,</span> <span class='ocrx_word' id='word_1_96' title='bbox 426 982 472 1021; x_wconf 89' lang='lat' dir='ltr'>et</span> <span class='ocrx_word' id='word_1_97' title='bbox 498 980 619 1033; x_wconf 91' lang='lat' dir='ltr'>quod</span> <span class='ocrx_word' id='word_1_98' title='bbox 642 982 774 1020; x_wconf 89' lang='lat' dir='ltr'>notat</span> <span class='ocrx_word' id='word_1_99' title='bbox 808 993 980 1026; x_wconf 88' lang='lat' dir='ltr'>manus,</span> <span class='ocrx_word' id='word_1_100' title='bbox 1017 980 1155 1020; x_wconf 90' lang='lat' dir='ltr'>diluit</span> <span class='ocrx_word' id='word_1_101' title='bbox 1188 980 1361 1021; x_wconf 89' lang='lat' dir='ltr'>oculus.</span> <span class='ocrx_word' id='word_1_102' title='bbox 1411 980 1499 1021; x_wconf 83' lang='lat' dir='ltr'>Sed</span> <span class='ocrx_word' id='word_1_103' title='bbox 1532 980 1689 1021; x_wconf 77' lang='lat' dir='ltr'>forsan</span> 
     </span>
     <span class='ocr_line' id='line_1_13' title="bbox 194 1039 1689 1093; baseline 0 -14"><span class='ocrx_word' id='word_1_104' title='bbox 194 1039 532 1093; x_wconf 71' lang='lat' dir='ltr'>impatientiam</span> <span class='ocrx_word' id='word_1_105' title='bbox 565 1039 733 1080; x_wconf 86' lang='lat' dir='ltr'>doloris</span> <span class='ocrx_word' id='word_1_106' title='bbox 767 1039 856 1080; x_wconf 93' lang='lat' dir='ltr'>mei</span> <span class='ocrx_word' id='word_1_107' title='bbox 887 1039 1137 1093; x_wconf 74' lang='lat' dir='ltr'>redarguis,</span> <span class='ocrx_word' id='word_1_108' title='bbox 1182 1041 1228 1080; x_wconf 91' lang='lat' dir='ltr'>et</span> <span class='ocrx_word' id='word_1_109' title='bbox 1261 1042 1313 1079; x_wconf 92' lang='lat' dir='ltr'>ut</span> <span class='ocrx_word' id='word_1_110' title='bbox 1344 1040 1503 1080; x_wconf 87' lang='lat' dir='ltr'>fletum</span> <span class='ocrx_word' id='word_1_111' title='bbox 1538 1053 1689 1080; x_wconf 87' lang='lat' dir='ltr'>meum</span> 
     </span>
     <span class='ocr_line' id='line_1_14' title="bbox 193 1098 1689 1152; baseline 0 -14"><span class='ocrx_word' id='word_1_112' title='bbox 193 1098 451 1152; x_wconf 83' lang='lat' dir='ltr'>reprimam,</span> <span class='ocrx_word' id='word_1_113' title='bbox 494 1111 551 1139; x_wconf 89' lang='lat' dir='ltr'>ne</span> <span class='ocrx_word' id='word_1_114' title='bbox 591 1098 712 1139; x_wconf 79' lang='lat' dir='ltr'>forte</span> <span class='ocrx_word' id='word_1_115' title='bbox 755 1098 826 1138; x_wconf 89' lang='lat' dir='ltr'>his</span> <span class='ocrx_word' id='word_1_116' title='bbox 859 1098 937 1151; x_wconf 90' lang='lat' dir='ltr'>qui</span> <span class='ocrx_word' id='word_1_117' title='bbox 979 1098 1034 1139; x_wconf 87' lang='lat' dir='ltr'>de</span> <span class='ocrx_word' id='word_1_118' title='bbox 1076 1101 1224 1139; x_wconf 87' lang='lat' dir='ltr'>morte</span> <span class='ocrx_word' id='word_1_119' title='bbox 1263 1099 1551 1152; x_wconf 86' lang='lat' dir='ltr'>imperatoris</span> <span class='ocrx_word' id='word_1_120' title='bbox 1584 1113 1689 1152; x_wconf 84' lang='lat' dir='ltr'>gau-</span> 
     </span>
     <span class='ocr_line' id='line_1_15' title="bbox 194 1157 1690 1205; baseline 0 -8"><span class='ocrx_word' id='word_1_121' title='bbox 194 1158 306 1198; x_wconf 87' lang='lat' dir='ltr'>dent</span> <span class='ocrx_word' id='word_1_122' title='bbox 337 1157 609 1205; x_wconf 88' lang='lat' dir='ltr'>innotescat,</span> <span class='ocrx_word' id='word_1_123' title='bbox 642 1157 846 1198; x_wconf 87' lang='lat' dir='ltr'>instruis.</span> <span class='ocrx_word' id='word_1_124' title='bbox 908 1157 1051 1198; x_wconf 82' lang='lat' dir='ltr'>Recte</span> <span class='ocrx_word' id='word_1_125' title='bbox 1093 1171 1164 1198; x_wconf 89' lang='lat' dir='ltr'>me</span> <span class='ocrx_word' id='word_1_126' title='bbox 1199 1158 1352 1203; x_wconf 76' lang='lat' dir='ltr'>doces,</span> <span class='ocrx_word' id='word_1_127' title='bbox 1395 1158 1566 1204; x_wconf 77' lang='lat' dir='ltr'>fateor;</span> <span class='ocrx_word' id='word_1_128' title='bbox 1611 1157 1690 1198; x_wconf 89' lang='lat' dir='ltr'>sed</span> 
     </span>
     <span class='ocr_line' id='line_1_16' title="bbox 145 1216 1690 1270; baseline -0.001 -12"><span class='ocrx_word' id='word_1_129' title='bbox 145 1234 178 1258; x_wconf 89' lang='lat'>15</span> <span class='ocrx_word' id='word_1_130' title='bbox 192 1230 286 1257; x_wconf 93' lang='lat' dir='ltr'>non</span> <span class='ocrx_word' id='word_1_131' title='bbox 326 1230 509 1270; x_wconf 91' lang='lat' dir='ltr'>possum</span> <span class='ocrx_word' id='word_1_132' title='bbox 546 1216 770 1270; x_wconf 87' lang='lat' dir='ltr'>imperare</span> <span class='ocrx_word' id='word_1_133' title='bbox 811 1216 942 1265; x_wconf 86' lang='lat' dir='ltr'>mihi,</span> <span class='ocrx_word' id='word_1_134' title='bbox 983 1217 1094 1269; x_wconf 91' lang='lat' dir='ltr'>quin</span> <span class='ocrx_word' id='word_1_135' title='bbox 1126 1217 1306 1257; x_wconf 88' lang='lat' dir='ltr'>doleam</span> <span class='ocrx_word' id='word_1_136' title='bbox 1320 1217 1347 1262; x_wconf 71' lang='lat'>⁴,</span> <span class='ocrx_word' id='word_1_137' title='bbox 1382 1231 1474 1257; x_wconf 90' lang='lat' dir='ltr'>non</span> <span class='ocrx_word' id='word_1_138' title='bbox 1507 1230 1690 1270; x_wconf 86' lang='lat' dir='ltr'>possum</span> 
     </span>
     <span class='ocr_line' id='line_1_17' title="bbox 193 1275 1689 1329; baseline -0.001 -13"><span class='ocrx_word' id='word_1_139' title='bbox 193 1289 264 1316; x_wconf 90' lang='lat' dir='ltr'>me</span> <span class='ocrx_word' id='word_1_140' title='bbox 298 1275 545 1324; x_wconf 85' lang='lat' dir='ltr'>continere,</span> <span class='ocrx_word' id='word_1_141' title='bbox 580 1275 690 1328; x_wconf 88' lang='lat' dir='ltr'>quin</span> <span class='ocrx_word' id='word_1_142' title='bbox 723 1275 920 1329; x_wconf 79' lang='lat' dir='ltr'>lugeam.</span> <span class='ocrx_word' id='word_1_143' title='bbox 974 1275 1104 1316; x_wconf 89' lang='lat' dir='ltr'>Licet</span> <span class='ocrx_word' id='word_1_144' title='bbox 1135 1276 1184 1315; x_wconf 90' lang='lat' dir='ltr'>in</span> <span class='ocrx_word' id='word_1_145' title='bbox 1217 1289 1288 1316; x_wconf 89' lang='lat' dir='ltr'>me</span> <span class='ocrx_word' id='word_1_146' title='bbox 1321 1276 1521 1316; x_wconf 82' lang='lat' dir='ltr'>furorem</span> <span class='ocrx_word' id='word_1_147' title='bbox 1557 1289 1689 1316; x_wconf 87' lang='lat' dir='ltr'>suum</span> 
     </span>
     <span class='ocr_line' id='line_1_18' title="bbox 194 1334 1687 1388; baseline -0.001 -13"><span class='ocrx_word' id='word_1_148' title='bbox 194 1336 431 1381; x_wconf 78' lang='lat' dir='ltr'>exacuant,</span> <span class='ocrx_word' id='word_1_149' title='bbox 481 1334 589 1375; x_wconf 90' lang='lat' dir='ltr'>licet</span> <span class='ocrx_word' id='word_1_150' title='bbox 637 1348 708 1374; x_wconf 91' lang='lat' dir='ltr'>me</span> <span class='ocrx_word' id='word_1_151' title='bbox 761 1348 841 1388; x_wconf 85' lang='lat' dir='ltr'>per</span> <span class='ocrx_word' id='word_1_152' title='bbox 887 1334 1121 1375; x_wconf 84' lang='lat' dir='ltr'>membra5</span> <span class='ocrx_word' id='word_1_153' title='bbox 1168 1335 1423 1388; x_wconf 86' lang='lat' dir='ltr'>discerpere</span> <span class='ocrx_word' id='word_1_154' title='bbox 1476 1335 1687 1388; x_wconf 88' lang='lat' dir='ltr'>cupiant:</span> 
     </span>
     <span class='ocr_line' id='line_1_19' title="bbox 193 1393 1569 1448; baseline 0 -15"><span class='ocrx_word' id='word_1_155' title='bbox 193 1393 323 1434; x_wconf 89' lang='lat' dir='ltr'>dolor</span> <span class='ocrx_word' id='word_1_156' title='bbox 353 1393 515 1434; x_wconf 90' lang='lat' dir='ltr'>timere</span> <span class='ocrx_word' id='word_1_157' title='bbox 547 1393 705 1439; x_wconf 72' lang='lat' dir='ltr'>nescit,</span> <span class='ocrx_word' id='word_1_158' title='bbox 741 1393 870 1434; x_wconf 91' lang='lat' dir='ltr'>dolor</span> <span class='ocrx_word' id='word_1_159' title='bbox 900 1393 1055 1434; x_wconf 85' lang='lat' dir='ltr'>illatas</span> <span class='ocrx_word' id='word_1_160' title='bbox 1088 1407 1257 1448; x_wconf 85' lang='lat' dir='ltr'>poenas</span> <span class='ocrx_word' id='word_1_161' title='bbox 1290 1408 1382 1435; x_wconf 89' lang='lat' dir='ltr'>non</span> <span class='ocrx_word' id='word_1_162' title='bbox 1414 1394 1569 1435; x_wconf 86' lang='lat' dir='ltr'>sentit.</span> 
     </span>
     <span class='ocr_line' id='line_1_20' title="bbox 335 1452 1691 1505; baseline 0 -13"><span class='ocrx_word' id='word_1_163' title='bbox 335 1452 431 1493; x_wconf 90' lang='lat' dir='ltr'>Nec</span> <span class='ocrx_word' id='word_1_164' title='bbox 465 1465 547 1505; x_wconf 85' lang='lat' dir='ltr'>ego</span> <span class='ocrx_word' id='word_1_165' title='bbox 582 1452 704 1492; x_wconf 91' lang='lat' dir='ltr'>solus</span> <span class='ocrx_word' id='word_1_166' title='bbox 737 1455 930 1493; x_wconf 88' lang='lat' dir='ltr'>mortem</span> <span class='ocrx_word' id='word_1_167' title='bbox 964 1452 1059 1493; x_wconf 90' lang='lat' dir='ltr'>eius</span> <span class='ocrx_word' id='word_1_168' title='bbox 1102 1453 1349 1501; x_wconf 80' lang='lat' dir='ltr'>lament01·;</span> <span class='ocrx_word' id='word_1_169' title='bbox 1396 1453 1512 1493; x_wconf 86' lang='lat' dir='ltr'>hanc</span> <span class='ocrx_word' id='word_1_170' title='bbox 1545 1453 1691 1493; x_wconf 82' lang='lat' dir='ltr'>Roma</span> 
     </span>
     <span class='ocr_line' id='line_1_21' title="bbox 144 1511 1688 1565; baseline -0.002 -11"><span class='ocrx_word' id='word_1_171' title='bbox 144 1530 179 1554; x_wconf 86' lang='lat'>20</span> <span class='ocrx_word' id='word_1_172' title='bbox 194 1511 385 1565; x_wconf 83' lang='lat' dir='ltr'>plangit,</span> <span class='ocrx_word' id='word_1_173' title='bbox 420 1512 538 1552; x_wconf 88' lang='lat' dir='ltr'>hanc</span> <span class='ocrx_word' id='word_1_174' title='bbox 571 1525 704 1552; x_wconf 86' lang='lat' dir='ltr'>omne</span> <span class='ocrx_word' id='word_1_175' title='bbox 737 1512 994 1552; x_wconf 87' lang='lat' dir='ltr'>Romanum</span> <span class='ocrx_word' id='word_1_176' title='bbox 1026 1512 1269 1565; x_wconf 87' lang='lat' dir='ltr'>imperium</span> <span class='ocrx_word' id='word_1_177' title='bbox 1304 1512 1454 1554; x_wconf 86' lang='lat' dir='ltr'>deflet.</span> <span class='ocrx_word' id='word_1_178' title='bbox 1490 1513 1608 1552; x_wconf 82' lang='lat' dir='ltr'>hanc</span> <span class='ocrx_word' id='word_1_179' title='bbox 1642 1512 1688 1552; x_wconf 88' lang='lat' dir='ltr'>in</span> 
     </span>
     <span class='ocr_line' id='line_1_22' title="bbox 193 1570 1688 1625; baseline 0 -14"><span class='ocrx_word' id='word_1_180' title='bbox 193 1584 432 1611; x_wconf 87' lang='lat' dir='ltr'>commune</span> <span class='ocrx_word' id='word_1_181' title='bbox 466 1570 630 1611; x_wconf 82' lang='lat' dir='ltr'>divites</span> <span class='ocrx_word' id='word_1_182' title='bbox 663 1573 709 1611; x_wconf 86' lang='lat' dir='ltr'>et</span> <span class='ocrx_word' id='word_1_183' title='bbox 742 1584 976 1624; x_wconf 77' lang='lat' dir='ltr'>pauperes,</span> <span class='ocrx_word' id='word_1_184' title='bbox 1012 1574 1194 1624; x_wconf 85' lang='lat' dir='ltr'>praeter</span> <span class='ocrx_word' id='word_1_185' title='bbox 1219 1571 1510 1611; x_wconf 85' lang='lat' dir='ltr'>insidiatores</span> <span class='ocrx_word' id='word_1_186' title='bbox 1534 1573 1688 1625; x_wconf 87' lang='lat' dir='ltr'>poten-</span> 
     </span>
     <span class='ocr_line' id='line_1_23' title="bbox 191 1629 1689 1684; baseline 0.001 -15"><span class='ocrx_word' id='word_1_187' title='bbox 191 1629 283 1670; x_wconf 86' lang='lat' dir='ltr'>tiae</span> <span class='ocrx_word' id='word_1_188' title='bbox 306 1629 488 1682; x_wconf 90' lang='lat' dir='ltr'>viteque</span> <span class='ocrx_word' id='word_1_189' title='bbox 522 1629 630 1679; x_wconf 89' lang='lat' dir='ltr'>eius,</span> <span class='ocrx_word' id='word_1_190' title='bbox 666 1629 841 1683; x_wconf 86' lang='lat' dir='ltr'>lugent.</span> <span class='ocrx_word' id='word_1_191' title='bbox 890 1629 986 1671; x_wconf 89' lang='lat' dir='ltr'>Nec</span> <span class='ocrx_word' id='word_1_192' title='bbox 1010 1631 1124 1670; x_wconf 89' lang='lat' dir='ltr'>mihi</span> <span class='ocrx_word' id='word_1_193' title='bbox 1157 1630 1335 1684; x_wconf 77' lang='lat' dir='ltr'>privata</span> <span class='ocrx_word' id='word_1_194' title='bbox 1359 1630 1527 1671; x_wconf 88' lang='lat' dir='ltr'>doloris</span> <span class='ocrx_word' id='word_1_195' title='bbox 1552 1643 1689 1670; x_wconf 85' lang='lat' dir='ltr'>causa</span> 
     </span>
     <span class='ocr_line' id='line_1_24' title="bbox 192 1688 1779 1743; baseline -0.001 -15"><span class='ocrx_word' id='word_1_196' title='bbox 192 1691 281 1736; x_wconf 88' lang='lat' dir='ltr'>est;</span> <span class='ocrx_word' id='word_1_197' title='bbox 317 1688 544 1742; x_wconf 87' lang='lat' dir='ltr'>publicam</span> <span class='ocrx_word' id='word_1_198' title='bbox 583 1688 844 1730; x_wconf 74' lang='lat' dir='ltr'>r‘lamentari</span> <span class='ocrx_word' id='word_1_199' title='bbox 878 1689 1054 1730; x_wconf 87' lang='lat' dir='ltr'>cladem</span> <span class='ocrx_word' id='word_1_200' title='bbox 1089 1690 1235 1743; x_wconf 87' lang='lat' dir='ltr'>pietas</span> <span class='ocrx_word' id='word_1_201' title='bbox 1269 1703 1339 1730; x_wconf 86' lang='lat' dir='ltr'>me</span> <span class='ocrx_word' id='word_1_202' title='bbox 1374 1690 1509 1742; x_wconf 78' lang='lat' dir='ltr'>cogit.</span> <span class='ocrx_word' id='word_1_203' title='bbox 1569 1689 1686 1728; x_wconf 83' lang='lat' dir='ltr'>Nam</span> <span class='ocrx_word' id='word_1_204' title='bbox 1706 1696 1779 1725; x_wconf 53' lang='lat' dir='ltr'>*ff-&#39;-</span> 
     </span>
     <span class='ocr_line' id='line_1_25' title="bbox 191 1747 1688 1802; baseline 0.001 -15"><span class='ocrx_word' id='word_1_205' title='bbox 191 1747 272 1788; x_wconf 90' lang='lat' dir='ltr'>illo</span> <span class='ocrx_word' id='word_1_206' title='bbox 304 1748 559 1790; x_wconf 78' lang='lat' dir='ltr'>recedente,</span> <span class='ocrx_word' id='word_1_207' title='bbox 593 1748 777 1788; x_wconf 82' lang='lat' dir='ltr'>iusticia</span> <span class='ocrx_word' id='word_1_208' title='bbox 809 1750 954 1788; x_wconf 87' lang='lat' dir='ltr'>terras</span> <span class='ocrx_word' id='word_1_209' title='bbox 987 1748 1176 1801; x_wconf 86' lang='lat' dir='ltr'>reliquit</span> <span class='ocrx_word' id='word_1_210' title='bbox 1189 1748 1216 1793; x_wconf 69' lang='lat'>⁴⁵,</span> <span class='ocrx_word' id='word_1_211' title='bbox 1261 1763 1348 1802; x_wconf 81' lang='lat' dir='ltr'>pax</span> <span class='ocrx_word' id='word_1_212' title='bbox 1391 1749 1517 1791; x_wconf 80' lang='lat' dir='ltr'>abiit,</span> <span class='ocrx_word' id='word_1_213' title='bbox 1561 1749 1688 1788; x_wconf 82' lang='lat' dir='ltr'>fraus</span> 
     </span>
     <span class='ocr_line' id='line_1_26' title="bbox 144 1806 1688 1850; baseline 0 -4"><span class='ocrx_word' id='word_1_214' title='bbox 144 1806 240 1850; x_wconf 79' lang='lat' dir='ltr'>25in</span> <span class='ocrx_word' id='word_1_215' title='bbox 281 1806 432 1847; x_wconf 90' lang='lat' dir='ltr'>locum</span> <span class='ocrx_word' id='word_1_216' title='bbox 474 1806 581 1847; x_wconf 89' lang='lat' dir='ltr'>fidei</span> <span class='ocrx_word' id='word_1_217' title='bbox 623 1807 912 1847; x_wconf 85' lang='lat' dir='ltr'>subintravit.</span> <span class='ocrx_word' id='word_1_218' title='bbox 978 1806 1156 1848; x_wconf 86' lang='lat' dir='ltr'>Chorus</span> <span class='ocrx_word' id='word_1_219' title='bbox 1204 1807 1493 1847; x_wconf 83' lang='lat' dir='ltr'>laudantium</span> <span class='ocrx_word' id='word_1_220' title='bbox 1540 1807 1688 1847; x_wconf 87' lang='lat' dir='ltr'>Deum</span> 
     </span>
     <span class='ocr_line' id='line_1_27' title="bbox 194 1865 1880 1911; baseline -0.002 -5"><span class='ocrx_word' id='word_1_221' title='bbox 194 1865 428 1911; x_wconf 76' lang='lat' dir='ltr'>conticuit,</span> <span class='ocrx_word' id='word_1_222' title='bbox 463 1865 728 1906; x_wconf 87' lang='lat' dir='ltr'>solemnitas</span> <span class='ocrx_word' id='word_1_223' title='bbox 761 1866 903 1907; x_wconf 83' lang='lat' dir='ltr'>officii</span> <span class='ocrx_word' id='word_1_224' title='bbox 937 1866 1080 1906; x_wconf 86' lang='lat' dir='ltr'>divini</span> <span class='ocrx_word' id='word_1_225' title='bbox 1113 1866 1253 1911; x_wconf 75' lang='lat' dir='ltr'>siluit,</span> <span class='ocrx_word' id='word_1_226' title='bbox 1298 1880 1377 1906; x_wconf 47' lang='lat' dir='ltr'>‘zor</span> <span class='ocrx_word' id='word_1_227' title='bbox 1417 1865 1690 1906; x_wconf 63' lang='lat' dir='ltr'>e41·2‹ltat1&#39;‹)›22&#39;s</span> <span class='ocrx_word' id='word_1_228' title='bbox 1706 1879 1880 1909; x_wconf 65' lang='lat'>1².‹.117‚15.</span> 
     </span>
     <span class='ocr_line' id='line_1_28' title="bbox 193 1923 1689 1978; baseline 0 -14"><span class='ocrx_word' id='word_1_229' title='bbox 193 1927 230 1964; x_wconf 77' lang='lat' dir='ltr'>et</span> <span class='ocrx_word' id='word_1_230' title='bbox 260 1923 410 1964; x_wconf 68' lang='lat' dir='ltr'>salutis·</span> <span class='ocrx_word' id='word_1_231' title='bbox 441 1923 489 1964; x_wconf 59' lang='lat' dir='ltr'>‘in</span> <span class='ocrx_word' id='word_1_232' title='bbox 520 1924 806 1965; x_wconf 69' lang='lat' dir='ltr'>tabernaculis</span> <span class='ocrx_word' id='word_1_233' title='bbox 837 1923 1071 1965; x_wconf 47' lang='lat' dir='ltr'>iustorum?</span> <span class='ocrx_word' id='word_1_234' title='bbox 1103 1940 1195 1966; x_wconf 87' lang='lat' dir='ltr'>non</span> <span class='ocrx_word' id='word_1_235' title='bbox 1228 1926 1436 1968; x_wconf 83' lang='lat' dir='ltr'>auditur:</span> <span class='ocrx_word' id='word_1_236' title='bbox 1472 1926 1579 1978; x_wconf 87' lang='lat' dir='ltr'>quia</span> <span class='ocrx_word' id='word_1_237' title='bbox 1611 1925 1689 1978; x_wconf 84' lang='lat' dir='ltr'>qui</span> 
     </span>
     <span class='ocr_line' id='line_1_29' title="bbox 193 1983 1689 2032; baseline 0.001 -9"><span class='ocrx_word' id='word_1_238' title='bbox 193 1983 306 2024; x_wconf 88' lang='lat' dir='ltr'>haec</span> <span class='ocrx_word' id='word_1_239' title='bbox 339 1984 492 2023; x_wconf 87' lang='lat' dir='ltr'>onmia</span> <span class='ocrx_word' id='word_1_240' title='bbox 525 1983 791 2025; x_wconf 87' lang='lat' dir='ltr'>solemniter</span> <span class='ocrx_word' id='word_1_241' title='bbox 823 1984 1065 2032; x_wconf 80' lang='lat' dir='ltr'>ordinavit,</span> <span class='ocrx_word' id='word_1_242' title='bbox 1099 1999 1192 2025; x_wconf 87' lang='lat' dir='ltr'>non</span> <span class='ocrx_word' id='word_1_243' title='bbox 1224 1985 1471 2025; x_wconf 89' lang='lat' dir='ltr'>invenitur.</span> <span class='ocrx_word' id='word_1_244' title='bbox 1536 1984 1689 2024; x_wconf 83' lang='lat' dir='ltr'>Mona-</span> 
     </span>
     <span class='ocr_line' id='line_1_30' title="bbox 193 2042 1688 2097; baseline 0 -15"><span class='ocrx_word' id='word_1_245' title='bbox 193 2042 333 2083; x_wconf 86' lang='lat' dir='ltr'>steria</span> <span class='ocrx_word' id='word_1_246' title='bbox 374 2045 618 2096; x_wconf 87' lang='lat' dir='ltr'>patronum</span> <span class='ocrx_word' id='word_1_247' title='bbox 662 2056 806 2090; x_wconf 79' lang='lat' dir='ltr'>suum,</span> <span class='ocrx_word' id='word_1_248' title='bbox 851 2043 1049 2083; x_wconf 82' lang='lat' dir='ltr'>claustra</span> <span class='ocrx_word' id='word_1_249' title='bbox 1085 2046 1262 2097; x_wconf 84' lang='lat' dir='ltr'>patrem</span> <span class='ocrx_word' id='word_1_250' title='bbox 1296 2044 1561 2084; x_wconf 84' lang='lat' dir='ltr'>amiserunt.</span> <span class='ocrx_word' id='word_1_251' title='bbox 1597 2043 1688 2096; x_wconf 89' lang='lat' dir='ltr'>qui-</span> 
     </span>
     <span class='ocr_line' id='line_1_31' title="bbox 144 2101 1689 2156; baseline 0 -14"><span class='ocrx_word' id='word_1_252' title='bbox 144 2101 276 2142; x_wconf 72' lang='lat' dir='ltr'>aobus</span> <span class='ocrx_word' id='word_1_253' title='bbox 321 2101 431 2154; x_wconf 91' lang='lat' dir='ltr'>quid</span> <span class='ocrx_word' id='word_1_254' title='bbox 479 2102 717 2147; x_wconf 75' lang='lat' dir='ltr'>commodi,</span> <span class='ocrx_word' id='word_1_255' title='bbox 761 2102 870 2155; x_wconf 88' lang='lat' dir='ltr'>quid</span> <span class='ocrx_word' id='word_1_256' title='bbox 914 2103 1099 2143; x_wconf 90' lang='lat' dir='ltr'>honoris</span> <span class='ocrx_word' id='word_1_257' title='bbox 1141 2103 1237 2156; x_wconf 88' lang='lat' dir='ltr'>ipse</span> <span class='ocrx_word' id='word_1_258' title='bbox 1281 2103 1523 2146; x_wconf 73' lang='lat' dir='ltr'>conferret,</span> <span class='ocrx_word' id='word_1_259' title='bbox 1567 2116 1689 2142; x_wconf 84' lang='lat' dir='ltr'>nunc</span> 
     </span>
     <span class='ocr_line' id='line_1_32' title="bbox 194 2160 1689 2213; baseline 0.001 -13"><span class='ocrx_word' id='word_1_260' title='bbox 194 2160 377 2201; x_wconf 89' lang='lat' dir='ltr'>demum</span> <span class='ocrx_word' id='word_1_261' title='bbox 419 2161 694 2213; x_wconf 80' lang='lat' dir='ltr'>agnoscitur,</span> <span class='ocrx_word' id='word_1_262' title='bbox 739 2174 838 2201; x_wconf 87' lang='lat' dir='ltr'>cum</span> <span class='ocrx_word' id='word_1_263' title='bbox 888 2162 1117 2202; x_wconf 82' lang='lat' dir='ltr'>extinctus</span> <span class='ocrx_word' id='word_1_264' title='bbox 1166 2175 1257 2202; x_wconf 88' lang='lat' dir='ltr'>non</span> <span class='ocrx_word' id='word_1_265' title='bbox 1304 2164 1503 2202; x_wconf 85' lang='lat' dir='ltr'>tenetur.</span> <span class='ocrx_word' id='word_1_266' title='bbox 1569 2161 1689 2213; x_wconf 85' lang='lat' dir='ltr'>Ergo</span> 
     </span>
    </p>
   </div>
   <div class='ocr_carea' id='block_1_4' title="bbox 194 2310 832 2341">
    <p class='ocr_par' dir='ltr' id='par_1_4' title="bbox 194 2310 832 2341">
     <span class='ocr_line' id='line_1_33' title="bbox 194 2310 832 2341; baseline 0 -8"><span class='ocrx_word' id='word_1_267' title='bbox 194 2311 222 2339; x_wconf 78' lang='lat' dir='ltr'>a)</span> <span class='ocrx_word' id='word_1_268' title='bbox 243 2317 305 2341; x_wconf 80' lang='lat' dir='ltr'>cap.</span> <span class='ocrx_word' id='word_1_269' title='bbox 326 2317 361 2336; x_wconf 88' lang='lat' dir='ltr'>m.</span> <span class='ocrx_word' id='word_1_270' title='bbox 381 2317 428 2340; x_wconf 80' lang='lat' dir='ltr'>aq.</span> <span class='ocrx_word' id='word_1_271' title='bbox 448 2314 477 2335; x_wconf 83' lang='lat' dir='ltr'>et</span> <span class='ocrx_word' id='word_1_272' title='bbox 497 2318 540 2336; x_wconf 85' lang='lat' dir='ltr'>oc.</span> <span class='ocrx_word' id='word_1_273' title='bbox 562 2318 598 2337; x_wconf 83' lang='lat' dir='ltr'>m,</span> <span class='ocrx_word' id='word_1_274' title='bbox 619 2311 636 2336; x_wconf 82' lang='lat' dir='ltr'>s,</span> <span class='ocrx_word' id='word_1_275' title='bbox 658 2310 728 2337; x_wconf 72' lang='lat' dir='ltr'>laer,</span> <span class='ocrx_word' id='word_1_276' title='bbox 757 2310 832 2341; x_wconf 68' lang='lat' dir='ltr'>VuIy,</span> 
     </span>
    </p>
   </div>
   <div class='ocr_carea' id='block_1_5' title="bbox 147 2439 1691 2953">
    <p class='ocr_par' dir='ltr' id='par_1_5' title="bbox 194 2439 1688 2530">
     <span class='ocr_line' id='line_1_34' title="bbox 197 2439 1687 2482; baseline 0 -9"><span class='ocrx_word' id='word_1_277' title='bbox 197 2440 229 2480; x_wconf 82' lang='lat'>1)</span> <span class='ocrx_word' id='word_1_278' title='bbox 258 2439 312 2478; x_wconf 82' lang='lat' dir='ltr'>Cf.</span> <span class='ocrx_word' id='word_1_279' title='bbox 338 2439 438 2480; x_wconf 70' lang='lat' dir='ltr'>Very.</span> <span class='ocrx_word' id='word_1_280' title='bbox 458 2441 543 2473; x_wconf 80' lang='lat' dir='ltr'>Aen.</span> <span class='ocrx_word' id='word_1_281' title='bbox 570 2440 621 2481; x_wconf 89' lang='lat' dir='ltr'>II,</span> <span class='ocrx_word' id='word_1_282' title='bbox 642 2441 730 2474; x_wconf 68' lang='lat'>643:</span> <span class='ocrx_word' id='word_1_283' title='bbox 757 2439 912 2472; x_wconf 88' lang='lat' dir='ltr'>vidimus</span> <span class='ocrx_word' id='word_1_284' title='bbox 939 2439 1080 2472; x_wconf 82' lang='lat' dir='ltr'>excidia</span> <span class='ocrx_word' id='word_1_285' title='bbox 1106 2443 1142 2473; x_wconf 87' lang='lat' dir='ltr'>et</span> <span class='ocrx_word' id='word_1_286' title='bbox 1168 2442 1294 2482; x_wconf 81' lang='lat' dir='ltr'>captae</span> <span class='ocrx_word' id='word_1_287' title='bbox 1321 2439 1569 2482; x_wconf 78' lang='lat' dir='ltr'>superavimus</span> <span class='ocrx_word' id='word_1_288' title='bbox 1597 2439 1687 2473; x_wconf 84' lang='lat' dir='ltr'>urbi.</span> 
     </span>
     <span class='ocr_line' id='line_1_35' title="bbox 194 2486 1688 2530; baseline -0.001 -11"><span class='ocrx_word' id='word_1_289' title='bbox 194 2487 230 2526; x_wconf 81' lang='lat'>2)</span> <span class='ocrx_word' id='word_1_290' title='bbox 266 2486 378 2519; x_wconf 76' lang='lat' dir='ltr'>Verba</span> <span class='ocrx_word' id='word_1_291' title='bbox 403 2486 486 2518; x_wconf 71' lang='lat' dir='ltr'>haec</span> <span class='ocrx_word' id='word_1_292' title='bbox 512 2486 592 2519; x_wconf 87' lang='lat' dir='ltr'>Erit</span> <span class='ocrx_word' id='word_1_293' title='bbox 617 2487 767 2530; x_wconf 82' lang='lat' dir='ltr'>posthac</span> <span class='ocrx_word' id='word_1_294' title='bbox 795 2492 850 2521; x_wconf 82' lang='lat' dir='ltr'>etc.</span> <span class='ocrx_word' id='word_1_295' title='bbox 878 2488 1062 2530; x_wconf 77' lang='lat' dir='ltr'>desumpta</span> <span class='ocrx_word' id='word_1_296' title='bbox 1087 2498 1157 2520; x_wconf 74' lang='lat' dir='ltr'>esse</span> <span class='ocrx_word' id='word_1_297' title='bbox 1182 2499 1197 2520; x_wconf 74' lang='lat' dir='ltr'>e</span> <span class='ocrx_word' id='word_1_298' title='bbox 1223 2488 1378 2529; x_wconf 74' lang='lat' dir='ltr'>Sulpicii</span> <span class='ocrx_word' id='word_1_299' title='bbox 1403 2488 1521 2520; x_wconf 65' lang='lat' dir='ltr'>Severi</span> <span class='ocrx_word' id='word_1_300' title='bbox 1544 2488 1688 2529; x_wconf 67' lang='lat' dir='ltr'>epistola</span> 
     </span>
    </p>

    <p class='ocr_par' dir='ltr' id='par_1_6' title="bbox 147 2533 1691 2765">
     <span class='ocr_line' id='line_1_36' title="bbox 147 2533 1687 2577; baseline 0 -12"><span class='ocrx_word' id='word_1_301' title='bbox 147 2542 180 2567; x_wconf 83' lang='lat'>35</span> <span class='ocrx_word' id='word_1_302' title='bbox 195 2533 242 2564; x_wconf 79' lang='lat' dir='ltr'>acl</span> <span class='ocrx_word' id='word_1_303' title='bbox 267 2533 456 2565; x_wconf 76' lang='lat' dir='ltr'>Aurelium</span> <span class='ocrx_word' id='word_1_304' title='bbox 482 2534 668 2566; x_wconf 77' lang='lat' dir='ltr'>diaconum</span> <span class='ocrx_word' id='word_1_305' title='bbox 694 2537 830 2577; x_wconf 69' lang='lat' dir='ltr'>scripta</span> <span class='ocrx_word' id='word_1_306' title='bbox 855 2535 895 2566; x_wconf 82' lang='lat' dir='ltr'>de</span> <span class='ocrx_word' id='word_1_307' title='bbox 925 2535 1018 2567; x_wconf 73' lang='lat' dir='ltr'>obitu</span> <span class='ocrx_word' id='word_1_308' title='bbox 1045 2535 1080 2568; x_wconf 88' lang='lat' dir='ltr'>S.</span> <span class='ocrx_word' id='word_1_309' title='bbox 1108 2534 1275 2574; x_wconf 75' lang='lat' dir='ltr'>Martini,</span> <span class='ocrx_word' id='word_1_310' title='bbox 1311 2546 1345 2576; x_wconf 81' lang='lat' dir='ltr'>p.</span> <span class='ocrx_word' id='word_1_311' title='bbox 1378 2537 1453 2568; x_wconf 69' lang='lat'>145.</span> <span class='ocrx_word' id='word_1_312' title='bbox 1487 2535 1535 2568; x_wconf 74' lang='lat' dir='ltr'>ed.</span> <span class='ocrx_word' id='word_1_313' title='bbox 1566 2534 1687 2574; x_wconf 82' lang='lat' dir='ltr'>Halm,</span> 
     </span>
     <span class='ocr_line' id='line_1_37' title="bbox 194 2579 1691 2624; baseline 0.001 -12"><span class='ocrx_word' id='word_1_314' title='bbox 194 2580 239 2614; x_wconf 82' lang='lat' dir='ltr'>E.</span> <span class='ocrx_word' id='word_1_315' title='bbox 268 2579 456 2612; x_wconf 70' lang='lat' dir='ltr'>Dz&#39;c&#39;mmler</span> <span class='ocrx_word' id='word_1_316' title='bbox 491 2582 628 2615; x_wconf 75' lang='lat' dir='ltr'>invenit.</span> <span class='ocrx_word' id='word_1_317' title='bbox 664 2582 713 2615; x_wconf 85' lang='lat' dir='ltr'>W.</span> <span class='ocrx_word' id='word_1_318' title='bbox 754 2582 837 2623; x_wconf 80' lang='lat' dir='ltr'>(erit</span> <span class='ocrx_word' id='word_1_319' title='bbox 871 2584 952 2624; x_wconf 82' lang='lat' dir='ltr'>post</span> <span class='ocrx_word' id='word_1_320' title='bbox 986 2581 1075 2614; x_wconf 80' lang='lat' dir='ltr'>haec</span> <span class='ocrx_word' id='word_1_321' title='bbox 1111 2581 1185 2614; x_wconf 79' lang='lat' dir='ltr'>vita</span> <span class='ocrx_word' id='word_1_322' title='bbox 1221 2580 1387 2622; x_wconf 81' lang='lat' dir='ltr'>iucunda,</span> <span class='ocrx_word' id='word_1_323' title='bbox 1425 2581 1492 2614; x_wconf 74' lang='lat' dir='ltr'>erit</span> <span class='ocrx_word' id='word_1_324' title='bbox 1528 2580 1602 2613; x_wconf 78' lang='lat' dir='ltr'>dies</span> <span class='ocrx_word' id='word_1_325' title='bbox 1629 2586 1691 2613; x_wconf 75' lang='lat' dir='ltr'>aut,</span> 
     </span>
     <span class='ocr_line' id='line_1_38' title="bbox 194 2626 1689 2671; baseline 0 -12"><span class='ocrx_word' id='word_1_326' title='bbox 194 2626 284 2659; x_wconf 88' lang='lat' dir='ltr'>hora</span> <span class='ocrx_word' id='word_1_327' title='bbox 308 2626 384 2659; x_wconf 87' lang='lat' dir='ltr'>sine</span> <span class='ocrx_word' id='word_1_328' title='bbox 412 2627 592 2660; x_wconf 74' lang='lat' dir='ltr'>lacrimis?</span> <span class='ocrx_word' id='word_1_329' title='bbox 619 2632 679 2661; x_wconf 86' lang='lat' dir='ltr'>aut</span> <span class='ocrx_word' id='word_1_330' title='bbox 706 2632 839 2670; x_wconf 83' lang='lat' dir='ltr'>tecum,</span> <span class='ocrx_word' id='word_1_331' title='bbox 868 2628 980 2661; x_wconf 83' lang='lat' dir='ltr'>frater</span> <span class='ocrx_word' id='word_1_332' title='bbox 998 2627 1240 2666; x_wconf 75' lang='lat' dir='ltr'>dilectissime,</span> <span class='ocrx_word' id='word_1_333' title='bbox 1269 2632 1397 2671; x_wconf 82' lang='lat' dir='ltr'>potero</span> <span class='ocrx_word' id='word_1_334' title='bbox 1424 2628 1518 2660; x_wconf 84' lang='lat' dir='ltr'>illius</span> <span class='ocrx_word' id='word_1_335' title='bbox 1537 2627 1689 2660; x_wconf 68' lang='lat' dir='ltr'>mentio-</span> 
     </span>
     <span class='ocr_line' id='line_1_39' title="bbox 195 2673 1690 2718; baseline 0.001 -13"><span class='ocrx_word' id='word_1_336' title='bbox 195 2683 280 2706; x_wconf 87' lang='lat' dir='ltr'>nem</span> <span class='ocrx_word' id='word_1_337' title='bbox 305 2673 440 2707; x_wconf 80' lang='lat' dir='ltr'>habere</span> <span class='ocrx_word' id='word_1_338' title='bbox 466 2674 541 2707; x_wconf 84' lang='lat' dir='ltr'>sine</span> <span class='ocrx_word' id='word_1_339' title='bbox 566 2674 654 2708; x_wconf 82' lang='lat' dir='ltr'>fletu</span> <span class='ocrx_word' id='word_1_340' title='bbox 666 2678 706 2718; x_wconf 86' lang='lat'>?).</span> <span class='ocrx_word' id='word_1_341' title='bbox 838 2678 873 2717; x_wconf 79' lang='lat'>3)</span> <span class='ocrx_word' id='word_1_342' title='bbox 898 2676 952 2716; x_wconf 85' lang='lat' dir='ltr'>Cf.</span> <span class='ocrx_word' id='word_1_343' title='bbox 983 2676 1026 2709; x_wconf 69' lang='lat' dir='ltr'>ib.</span> <span class='ocrx_word' id='word_1_344' title='bbox 1049 2687 1085 2717; x_wconf 74' lang='lat' dir='ltr'>p.</span> <span class='ocrx_word' id='word_1_345' title='bbox 1108 2677 1194 2710; x_wconf 74' lang='lat'>143:</span> <span class='ocrx_word' id='word_1_346' title='bbox 1231 2674 1317 2707; x_wconf 89' lang='lat' dir='ltr'>dum</span> <span class='ocrx_word' id='word_1_347' title='bbox 1345 2674 1434 2708; x_wconf 81' lang='lat' dir='ltr'>haec</span> <span class='ocrx_word' id='word_1_348' title='bbox 1462 2704 1467 2710; x_wconf 84' lang='lat'>.</span> <span class='ocrx_word' id='word_1_349' title='bbox 1497 2701 1503 2706; x_wconf 95' lang='lat'>.</span> <span class='ocrx_word' id='word_1_350' title='bbox 1533 2701 1539 2707; x_wconf 88' lang='lat'>.</span> <span class='ocrx_word' id='word_1_351' title='bbox 1567 2674 1690 2707; x_wconf 72' lang='lat' dir='ltr'>scribi-</span> 
     </span>
     <span class='ocr_line' id='line_1_40' title="bbox 196 2720 1689 2765; baseline 0.001 -13"><span class='ocrx_word' id='word_1_352' title='bbox 196 2731 286 2762; x_wconf 80' lang='lat' dir='ltr'>mus,</span> <span class='ocrx_word' id='word_1_353' title='bbox 320 2720 438 2754; x_wconf 83' lang='lat' dir='ltr'>fluunt</span> <span class='ocrx_word' id='word_1_354' title='bbox 472 2721 653 2764; x_wconf 81' lang='lat' dir='ltr'>lacrimae,</span> <span class='ocrx_word' id='word_1_355' title='bbox 689 2733 754 2755; x_wconf 84' lang='lat' dir='ltr'>nec</span> <span class='ocrx_word' id='word_1_356' title='bbox 789 2722 901 2755; x_wconf 88' lang='lat' dir='ltr'>ullum</span> <span class='ocrx_word' id='word_1_357' title='bbox 939 2721 1231 2765; x_wconf 74' lang='lat' dir='ltr'>impatientissimi</span> <span class='ocrx_word' id='word_1_358' title='bbox 1258 2722 1392 2754; x_wconf 83' lang='lat' dir='ltr'>doloris</span> <span class='ocrx_word' id='word_1_359' title='bbox 1419 2722 1572 2754; x_wconf 80' lang='lat' dir='ltr'>admitto</span> <span class='ocrx_word' id='word_1_360' title='bbox 1599 2722 1689 2754; x_wconf 76' lang='lat' dir='ltr'>sola-</span> 
     </span>
    </p>

    <p class='ocr_par' dir='ltr' id='par_1_7' title="bbox 148 2766 1691 2953">
     <span class='ocr_line' id='line_1_41' title="bbox 148 2766 1690 2812; baseline 0 -12"><span class='ocrx_word' id='word_1_361' title='bbox 148 2776 184 2800; x_wconf 73' lang='grc'>40</span> <span class='ocrx_word' id='word_1_362' title='bbox 198 2766 303 2801; x_wconf 86' lang='lat' dir='ltr'>cium.</span> <span class='ocrx_word' id='word_1_363' title='bbox 425 2770 461 2810; x_wconf 32' lang='lat'>4¹)</span> <span class='ocrx_word' id='word_1_364' title='bbox 496 2769 551 2809; x_wconf 81' lang='lat' dir='ltr'>Cf,</span> <span class='ocrx_word' id='word_1_365' title='bbox 579 2769 622 2803; x_wconf 73' lang='lat' dir='ltr'>ib.</span> <span class='ocrx_word' id='word_1_366' title='bbox 656 2781 691 2812; x_wconf 81' lang='lat' dir='ltr'>p.</span> <span class='ocrx_word' id='word_1_367' title='bbox 722 2771 807 2805; x_wconf 83' lang='lat'><strong>143:</strong></span> <span class='ocrx_word' id='word_1_368' title='bbox 847 2768 909 2802; x_wconf 88' lang='lat' dir='ltr'>sed</span> <span class='ocrx_word' id='word_1_369' title='bbox 944 2772 1066 2802; x_wconf 76' lang='lat' dir='ltr'>tamen</span> <span class='ocrx_word' id='word_1_370' title='bbox 1094 2780 1162 2810; x_wconf 76' lang='lat' dir='ltr'>ego</span> <span class='ocrx_word' id='word_1_371' title='bbox 1190 2780 1261 2801; x_wconf 86' lang='lat' dir='ltr'>non</span> <span class='ocrx_word' id='word_1_372' title='bbox 1290 2780 1433 2811; x_wconf 73' lang='lat' dir='ltr'>possum</span> <span class='ocrx_word' id='word_1_373' title='bbox 1462 2768 1549 2801; x_wconf 86' lang='lat' dir='ltr'>mihi</span> <span class='ocrx_word' id='word_1_374' title='bbox 1579 2768 1690 2810; x_wconf 70' lang='lat' dir='ltr'>impc-</span> 
     </span>
     <span class='ocr_line' id='line_1_42' title="bbox 196 2814 1690 2860; baseline 0.001 -14"><span class='ocrx_word' id='word_1_375' title='bbox 196 2824 287 2855; x_wconf 80' lang='lat' dir='ltr'>rare,</span> <span class='ocrx_word' id='word_1_376' title='bbox 326 2814 411 2857; x_wconf 82' lang='lat' dir='ltr'>quin</span> <span class='ocrx_word' id='word_1_377' title='bbox 450 2814 602 2850; x_wconf 82' lang='lat' dir='ltr'>doleam.</span> <span class='ocrx_word' id='word_1_378' title='bbox 726 2817 761 2860; x_wconf 76' lang='lat'>5)</span> <span class='ocrx_word' id='word_1_379' title='bbox 802 2817 857 2857; x_wconf 81' lang='lat' dir='ltr'>Cf.</span> <span class='ocrx_word' id='word_1_380' title='bbox 895 2817 938 2851; x_wconf 74' lang='lat' dir='ltr'>ib.</span> <span class='ocrx_word' id='word_1_381' title='bbox 971 2828 1007 2858; x_wconf 77' lang='lat' dir='ltr'>p.</span> <span class='ocrx_word' id='word_1_382' title='bbox 1038 2818 1126 2851; x_wconf 72' lang='lat'>142:</span> <span class='ocrx_word' id='word_1_383' title='bbox 1167 2827 1232 2858; x_wconf 82' lang='lat' dir='ltr'>per</span> <span class='ocrx_word' id='word_1_384' title='bbox 1266 2816 1430 2848; x_wconf 68' lang='lat' dir='ltr'>membra</span> <span class='ocrx_word' id='word_1_385' title='bbox 1464 2815 1690 2849; x_wconf 78' lang='lat' dir='ltr'>diffunditur.</span> 
     </span>
     <span class='ocr_line' id='line_1_43' title="bbox 197 2861 1691 2905; baseline -0.001 -10"><span class='ocrx_word' id='word_1_386' title='bbox 197 2861 233 2903; x_wconf 89' lang='lat'>6)</span> <span class='ocrx_word' id='word_1_387' title='bbox 263 2861 316 2901; x_wconf 84' lang='lat' dir='ltr'>Cf.</span> <span class='ocrx_word' id='word_1_388' title='bbox 352 2862 452 2902; x_wconf 69' lang='lat' dir='ltr'>Verq.</span> <span class='ocrx_word' id='word_1_389' title='bbox 482 2864 541 2896; x_wconf 79' lang='lat' dir='ltr'>Ge.</span> <span class='ocrx_word' id='word_1_390' title='bbox 562 2863 613 2904; x_wconf 89' lang='lat' dir='ltr'>II,</span> <span class='ocrx_word' id='word_1_391' title='bbox 642 2865 730 2897; x_wconf 81' lang='lat'>474:</span> <span class='ocrx_word' id='word_1_392' title='bbox 759 2862 902 2896; x_wconf 79' lang='lat' dir='ltr'>Iustitia</span> <span class='ocrx_word' id='word_1_393' title='bbox 920 2862 1097 2896; x_wconf 77' lang='lat' dir='ltr'>excedens</span> <span class='ocrx_word' id='word_1_394' title='bbox 1123 2862 1240 2897; x_wconf 77' lang='lat' dir='ltr'>terris.</span> <span class='ocrx_word' id='word_1_395' title='bbox 1317 2865 1350 2905; x_wconf 78' lang='lat'>7)</span> <span class='ocrx_word' id='word_1_396' title='bbox 1376 2863 1469 2895; x_wconf 83' lang='lat' dir='ltr'>Haec</span> <span class='ocrx_word' id='word_1_397' title='bbox 1489 2863 1590 2895; x_wconf 74' lang='lat' dir='ltr'>verba</span> <span class='ocrx_word' id='word_1_398' title='bbox 1608 2866 1691 2894; x_wconf 75' lang='lat' dir='ltr'>sunt</span> 
     </span>
     <span class='ocr_line' id='line_1_44' title="bbox 197 2909 967 2953; baseline 0.006 -14"><span class='ocrx_word' id='word_1_399' title='bbox 197 2909 302 2940; x_wconf 69' lang='lat' dir='ltr'>etiam</span> <span class='ocrx_word' id='word_1_400' title='bbox 329 2909 366 2940; x_wconf 76' lang='lat' dir='ltr'>z‘n</span> <span class='ocrx_word' id='word_1_401' title='bbox 394 2909 509 2941; x_wconf 72' lang='lat' dir='ltr'>Oelohi</span> <span class='ocrx_word' id='word_1_402' title='bbox 534 2910 624 2942; x_wconf 83' lang='lat' dir='ltr'>libro</span> <span class='ocrx_word' id='word_1_403' title='bbox 647 2911 808 2952; x_wconf 72' lang='lat' dir='ltr'>proverb.</span> <span class='ocrx_word' id='word_1_404' title='bbox 832 2922 868 2953; x_wconf 77' lang='lat' dir='ltr'>J).</span> <span class='ocrx_word' id='word_1_405' title='bbox 888 2913 967 2945; x_wconf 76' lang='lat'>533.</span> 
     </span>
    </p>
   </div>
  </div>
 </body>
</html>
